% Encoding: UTF-8

@article{DotsenkoTamaroff2020,
   title={Endofunctors and Poincaré–Birkhoff–Witt Theorems},
   volume={2021},
   ISSN={1687-0247},
   url={http://dx.doi.org/10.1093/imrn/rnz369},
   DOI={10.1093/imrn/rnz369},
   number={16},
   journal={International Mathematics Research Notices},
   publisher={Oxford University Press (OUP)},
   author={Dotsenko, V. and Tamaroff, P.},
   year={2020},
   month={Feb},
   pages={12670–12690}
}

  @misc{Calculator,
    author = {V. Dotsenko and W. Heijltjes},
    title = {Gröbner bases for operads},
    year = {2019},
    url = {http://irma.math.unistra.fr/~dotsenko/Operads.html},
    note = {Online; accessed 28-January-2022},
  }
  
  
http://irma.math.unistra.fr/~dotsenko/Operads.html
@article{Hinich2001,
title = {DG coalgebras as formal stacks},
journal = {Journal of Pure and Applied Algebra},
volume = {162},
number = {2},
pages = {209-250},
year = {2001},
issn = {0022-4049},
doi = {https://doi.org/10.1016/S0022-4049(00)00121-3},
url = {https://www.sciencedirect.com/science/article/pii/S0022404900001213},
author = {V. Hinich},
}

@article{LH03,
      title={Sur les A-infini cat\'egories}, 
      author={K. Lefèvre-Hasegawa},
      year={2003},
      eprint={math/0310337},
      archivePrefix={arXiv},
      primaryClass={math.CT}
}

@article{Dzhumadildaev2009,
      title={Novikov operad is not Koszul}, 
      author={A. S. Dzhumadil'daev},
      year={2009},
      eprint={0902.3771},
      archivePrefix={arXiv},
      primaryClass={math.RA}
}

@book{Bergeron1997,
  doi = {10.1017/cbo9781107325913},
  url = {https://doi.org/10.1017/cbo9781107325913},
  year = {1997},
  month = nov,
  publisher = {Cambridge University Press},
  author = {F. Bergeron and G. Labelle and P. Leroux},
  title = {Combinatorial Species and Tree-like Structures}
}

@article{Dotsenko2020Schur,
      title={The Schur functor of universal enveloping pre-Lie algebra}, 
      author={V. Dotsenko and O. Flynn-Connolly},
      year={2020},
      eprint={2001.00780},
      archivePrefix={arXiv},
      primaryClass={math.RA}
}

@article{Bremner2020,
  doi = {10.1142/s021819672050054x},
  url = {https://doi.org/10.1142/s021819672050054x},
  year = {2020},
  month = aug,
  publisher = {World Scientific Pub Co Pte Lt},
  volume = {30},
  number = {08},
  pages = {1565--1576},
  author = {M. Bremner and V. Dotsenko},
  title = {Distributive laws between the operads Lie and Com},
  journal = {International Journal of Algebra and Computation}
}

@article{Dotsenko2014,
  doi = {10.2140/agt.2014.14.3185},
  url = {https://doi.org/10.2140/agt.2014.14.3185},
  year = {2014},
  month = dec,
  publisher = {Mathematical Sciences Publishers},
  volume = {14},
  number = {6},
  pages = {3185--3225},
  author = {V. Dotsenko and J. Griffin},
  title = {Cacti and filtered distributive laws},
  journal = {Algebraic {\&} Geometric Topology}
}

@article{Dotsenko2007,
  doi = {10.4303/jglta/s070203},
  url = {https://doi.org/10.4303/jglta/s070203},
  year = {2007},
  publisher = {{OMICS} Publishing Group},
  volume = {1},
  number = {2},
  pages = {107--115},
  author = {V. Dotsenko},
  title = {An operadic approach to deformation quantization of compatible Poisson brackets,  I},
  journal = {Journal of Generalized Lie Theory and Applications}
}

@book{LodayDialg,
  doi = {10.1007/b80864},
  url = {https://doi.org/10.1007/b80864},
  year = {2001},
  publisher = {Springer Berlin Heidelberg},
  author = {J.-L. Loday and F. Chapoton and A. Frabetti and F. Goichot},
  title = {Dialgebras and Related Operads}
}
@article{LodayLeib,
     author = {Loday, J.-L.},
     title = {Une version non commutative des alg\`ebres de {Lie} : les alg\`ebres de {Leibniz}},
     journal = {Les rencontres physiciens-math\'ematiciens de Strasbourg -RCP25},
     note = {talk:5},
     publisher = {Institut de Recherche Math\'ematique Avanc\'ee - Universit\'e Louis Pasteur},
     volume = {44},
     year = {1993},
     language = {fr},
     url = {http://www.numdam.org/item/RCP25_1993__44__127_0/}
}

@article{Joyal1981,
  doi = {10.1016/0001-8708(81)90052-9},
  url = {https://doi.org/10.1016/0001-8708(81)90052-9},
  year = {1981},
  month = oct,
  publisher = {Elsevier {BV}},
  volume = {42},
  number = {1},
  pages = {1--82},
  author = {A. Joyal},
  title = {Une th{\'{e}}orie combinatoire des s{\'{e}}ries formelles},
  journal = {Advances in Mathematics}
}

@article{Klyachko1975,
  doi = {10.1007/bf00966559},
  url = {https://doi.org/10.1007/bf00966559},
  year = {1975},
  publisher = {Springer Science and Business Media {LLC}},
  volume = {15},
  number = {6},
  pages = {914--920},
  author = {A. A. Klyachko},
  title = {Lie elements in the tensor algebra},
  journal = {Siberian Mathematical Journal}
}

@article{Markl2006, title={Algebras with one operation including Poisson and other Lie-admissible algebras}, volume={299}, ISSN={0021-8693}, url={http://dx.doi.org/10.1016/j.jalgebra.2005.09.018}, DOI={10.1016/j.jalgebra.2005.09.018}, number={1}, journal={Journal of Algebra}, publisher={Elsevier BV}, author={Markl, M. and Remm, E.}, year={2006}, month={May}, pages={171–189}}

@article{Livernet1998,
author = {M. Livernet and J.-L. Loday},
title = {The Poisson operad as a limit of associative operads},
pages = {Unpublished preprint}, 
month = mar,
year = {1998},
}

@article{Vallette2020a,
 title={Monoidal Structures on the Categories of Quadratic Data}, 
volume={25}, 
url={https://www.elibm.org/article/10012066}, 
DOI={ 10.25537/dm.2020v25.1727-1786}, 
journal={Documenta Mathematica}, 
publisher={Deutsche Mathematiker-Vereinigung (DMV)}, 
author={Vallette, B. and Manin, Yu. I.}, 
year={2020},
pages={1727-1786},
}

 @article{Vallette2007, title={Homology of generalized partition posets}, volume={208}, ISSN={0022-4049}, url={http://dx.doi.org/10.1016/j.jpaa.2006.03.012}, DOI={10.1016/j.jpaa.2006.03.012}, number={2}, journal={Journal of Pure and Applied Algebra}, publisher={Elsevier BV}, author={Vallette, B.}, year={2007}, month={Feb}, pages={699–725}}
 
@MISC {MO187545,
    TITLE = {Breaking up the free Lie algebra into {GL} irreps},
    AUTHOR = {R. Montgomery (https://mathoverflow.net/users/2906/richard-montgomery)},
    HOWPUBLISHED = {MathOverflow},
    NOTE = {URL:https://mathoverflow.net/q/187545 (version: 2014-11-19)},
    EPRINT = {https://mathoverflow.net/q/187545},
    URL = {https://mathoverflow.net/q/187545},
    year = {2014}
}


@misc{Markl2011,
      title={(Non-)Koszulness of operads for n-ary algebras, galgalim and other curiosities}, 
      author={Martin Markl and Elisabeth Remm},
      year={2011},
      eprint={0907.1505},
      archivePrefix={arXiv},
      primaryClass={math.AT}
}

 @article{Hanlon1995, title={On Lie k-Algebras}, volume={113}, ISSN={0001-8708}, url={http://dx.doi.org/10.1006/aima.1995.1038}, DOI={10.1006/aima.1995.1038}, number={2}, journal={Advances in Mathematics}, publisher={Elsevier BV}, author={Hanlon, P. and Wachs, M.}, year={1995}, month={Jul}, pages={206–236}}
 
 
  @article{Dotsenko2020a, 
  title={Non-Koszulness of Operads and Positivity of Poincaré Series}, volume={25},
  url={https://www.elibm.org/article/10012030}, DOI={10.25537/dm.2020v25.309-328}, journal={Documenta Mathematica}, publisher={Deutsche Mathematiker-Vereinigung (DMV)}, author={Dotsenko, V. and Markl, M. and Remm, E.}, year={2020}, pages={309-328}}
  
  

 @article{Remm2010, title={On the non-Koszulity of ternary partially associative operad}, volume={59}, ISSN={1736-6046}, url={http://dx.doi.org/10.3176/proc.2010.4.15}, DOI={10.3176/proc.2010.4.15}, number={4}, journal={Proceedings of the Estonian Academy of Sciences}, publisher={Estonian Academy Publishers}, author={Remm, E}, year={2010}, pages={355}}
 
 
 @article{Manchon2011, 
 title={A short survey on pre-Lie algebras}, url={http://dx.doi.org/10.4171/008-1/3}, 
 DOI={10.4171/008-1/3}, 
 journal={Noncommutative Geometry and Physics: Renormalisation, Motives, Index Theory}, 
 publisher={European Mathematical Society Publishing House}, 
 author={Manchon, Dominique}, 
 pages={89–102},
 year = {2011}}
 
 
@article{Ping1999,
 title={Gerstenhaber Algebras and BV-Algebras in Poisson Geometry},   
 volume={200}, 
 ISSN={1432-0916}, 
 url={http://dx.doi.org/10.1007/s002200050540}, 
 DOI={10.1007/s002200050540}, number={3}, 
 journal={Communications in Mathematical Physics}, 
 publisher={Springer Science and Business Media LLC}, 
 author={Xu, Ping}, 
 year={1999}, 
 month={Feb}, 
 pages={545–560},
 }


@article{Umirbaev2021, title={On the solvability of graded Novikov algebras}, volume={31}, ISSN={1793-6500}, url={http://dx.doi.org/10.1142/S0218196721500491}, DOI={10.1142/s0218196721500491}, number={07}, journal={International Journal of Algebra and Computation}, publisher={World Scientific Pub Co Pte Ltd}, author={Umirbaev, U. and Zhelyabin, V.}, year={2021}, month={Jul}, pages={1405–1418}}

@article{Dzhumadildaev2002,
author = {A. S. Dzhumadildaev and C. Löfwall},
title = {{Trees, free right-symmetric algebras, free Novikov algebras and identities}},
volume = {4},
journal = {Homology, Homotopy and Applications},
number = {2},
publisher = {International Press of Boston},
pages = {165 -- 190},
year = {2002},
doi = {hha/1139852461},
URL = {https://doi.org/}
}


@article{Dzhumadildaev2011, title={Codimension Growth and Non-Koszulity of Novikov Operad}, volume={39}, ISSN={1532-4125}, url={http://dx.doi.org/10.1080/00927870903386494}, DOI={10.1080/00927870903386494}, number={8}, journal={Communications in Algebra}, publisher={Informa UK Limited}, author={A. S. Dzhumadil'daev}, year={2011}, month={Aug}, pages={2943–2952}}

@book{Bhaskara1988,
  title={Poisson algebras and Poisson manifolds},
  author={Bhaskara, K. H. and Viswanath, K.},
  volume={174},
  series = {Pitman Research Notes in Mathematics},
  year={1988},
  address = {New York},
  pages = {128},
  publisher={Longman Scientific \& Technical, Wiley},
}

 @article{Mackenzie1994, title={Lie bialgebroids and Poisson groupoids}, volume={73}, ISSN={0012-7094}, url={http://dx.doi.org/10.1215/S0012-7094-94-07318-3}, DOI={10.1215/s0012-7094-94-07318-3}, number={2}, journal={Duke Mathematical Journal}, publisher={Duke University Press}, author={Mackenzie, K. C. H. and Xu, P.}, year={1994}, month={Feb}}
 
 

@article{Weinstein1998,
title = {Poisson geometry},
journal = {Differential Geometry and its Applications},
volume = {9},
number = {1},
pages = {213-238},
year = {1998},
note = {Symplectic Geometry},
issn = {0926-2245},
doi = {https://doi.org/10.1016/S0926-2245(98)00022-9},
url = {https://www.sciencedirect.com/science/article/pii/S0926224598000229},
author = {A. Weinstein},
keywords = {Poisson manifold, symplectic manifold, Lie algebroid, Lie groupoid, foliation, Poisson Lie group, homogeneous space, modular automorphism group, phase space},
abstract = {This paper is a survey of Poisson geometry, with an emphasis on global questions and the theory of Poisson Lie groups and groupoids.}
}

@incollection{Koszul1985,
     author = {Koszul, J.-L.},
     title = {Crochet de {Schouten-Nijenhuis} et cohomologie},
     booktitle = {\'Elie Cartan et les math\'ematiques d'aujourd'hui - Lyon, 25-29 juin 1984},
     series = {Ast\'erisque},
     publisher = {Soci\'et\'e math\'ematique de France},
     number = {S131},
     year = {1985},
     zbl = {0615.58029},
     mrnumber = {837203},
     language = {fr},
     url = {http://www.numdam.org/item/AST_1985__S131__257_0/}
} 
@article{Gerstenhaber1963,
 ISSN = {0003486X},
 URL = {http://www.jstor.org/stable/1970343},
 author = {Murray Gerstenhaber},
 journal = {Annals of Mathematics},
 number = {2},
 pages = {267--288},
 publisher = {Annals of Mathematics},
 title = {The Cohomology Structure of an Associative Ring},
 volume = {78},
 year = {1963},
}



@article{Chapoton2001,
    author = {Chapoton, F. and Livernet, M.},
    title = "{Pre-Lie algebras and the rooted trees operad}",
    journal = {International Mathematics Research Notices},
    volume = {2001},
    number = {8},
    pages = {395-408},
    year = {2001},
    month = {01},
    issn = {1073-7928},
    doi = {10.1155/S1073792801000198},
    url = {https://doi.org/10.1155/S1073792801000198},
    eprint = {https://academic.oup.com/imrn/article-pdf/2001/8/395/1862692/2001-8-395.pdf},
}





@article{Vallette2008,
   title={Free Monoid in Monoidal Abelian Categories},
   volume={17},
   ISSN={1572-9095},
   url={http://dx.doi.org/10.1007/s10485-008-9130-y},
   DOI={10.1007/s10485-008-9130-y},
   number={1},
   journal={Applied Categorical Structures},
   publisher={Springer Science and Business Media LLC},
   author={Vallette, B.},
   year={2008},
   month= mar,
   pages={43–61}
}
@book{Loday2012,
  doi = {10.1007/978-3-642-30362-3},
  url = {https://doi.org/10.1007/978-3-642-30362-3},
  year = {2012},
  publisher = {Springer Berlin Heidelberg},
  author = {J.-L. Loday and B. Vallette},
  title = {Algebraic Operads}
}
@article{Positselski2011,
   title={Two kinds of derived categories, {K}oszul duality, and comodule-contramodule correspondence},
   volume={212},
   ISSN={1947-6221},
   url={http://dx.doi.org/10.1090/S0065-9266-2010-00631-8},
   DOI={10.1090/s0065-9266-2010-00631-8},
   number={996},
   journal={Memoirs of the American Mathematical Society},
   publisher={American Mathematical Society (AMS)},
   author={Positselski, L.},
   year={2011},
}

@book{Stasheff1970,
  doi = {10.1007/bfb0065896},
  url = {https://doi.org/10.1007/bfb0065896},
  year = {1970},
  publisher = {Springer Berlin Heidelberg},
  author = {J. Stasheff},
  title = {H-spaces from a Homotopy Point of View}
}

@book{IdrissiPeccot,
  url = {https://idrissi.eu/post/peccot-notes},
  year = {2021},
  pages = {187 pages. In revision. Online on 30/03/2021. Updated on 08/10/2021.},
  author = {N. Idrissi},
  title = {Real Homotopy of Configuration Spaces}
}


@article{Stasheff1963a,
  doi = {10.2307/1993609},
  url = {https://doi.org/10.2307/1993609},
  year = {1963},
  month = aug,
  publisher = {{JSTOR}},
  volume = {108},
  number = {2},
  pages = {293},
  author = {J. Stasheff},
  title = {Homotopy Associativity of H-Spaces. {II}},
  journal = {Transactions of the American Mathematical Society}
}

@article{Stasheff1963,
  doi = {10.2307/1993608},
  url = {https://doi.org/10.2307/1993608},
  year = {1963},
  month = aug,
  publisher = {{JSTOR}},
  volume = {108},
  number = {2},
  pages = {275},
  author = {J. Stasheff},
  title = {Homotopy Associativity of H-Spaces. I},
  journal = {Transactions of the American Mathematical Society}
}

@article{Sugawara55,
   title={A condition that a space is group-like},
   volume={7},
   issue = {2},
   url={https://ousar.lib.okayama-u.ac.jp/files/public/3/33632/20160528030232178482/fulltext.pdf},
   number={2},
   journal={Mathematical Journal of Okayama Univ.},
    author={Sugawara, M.},
   year={1955},
   pages={123–149},
}

@article{Markl2007,
      title={PROPped up graph cohomology}, 
      author={M. Markl and Alexander A. Voronov},
      year={2007},
      eprint={math/0307081},
      archivePrefix={arXiv},
      primaryClass={math.QA}
}

@article{Vallette2004,
  doi = {10.1016/j.crma.2004.04.004},
  url = {https://doi.org/10.1016/j.crma.2004.04.004},
  year = {2004},
  month = jun,
  publisher = {Elsevier {BV}},
  volume = {338},
  number = {12},
  pages = {909--914},
  author = {B. Vallette},
  title = {Koszul duality for {PROPs}},
  journal = {Comptes Rendus Mathematique}
}

@book{May1972,
  doi = {10.1007/bfb0067491},
  url = {https://doi.org/10.1007/bfb0067491},
  year = {1972},
  publisher = {Springer Berlin Heidelberg},
  author = {J. P. May},
  title = {The Geometry of Iterated Loop Spaces}
}

@inproceedings{Kajiura2008,
  doi = {10.2140/gtm.2008.13.229},
  url = {https://doi.org/10.2140/gtm.2008.13.229},
  year = {2008},
  month = feb,
  publisher = {Mathematical Sciences Publishers},
  author = {H. Kajiura and J. Stasheff},
  title = {Homotopy algebra of open{\textendash}closed strings},
  booktitle = {Geometry and Topology Monographs}
}

@article{Tamarkin2003,
  doi = {10.1023/b:math.0000017651.12703.a1},
  url = {https://doi.org/10.1023/b:math.0000017651.12703.a1},
  year = {2003},
  month = oct,
  publisher = {Springer Science and Business Media {LLC}},
  volume = {66},
  number = {1/2},
  pages = {65--72},
  author = {D. E. Tamarkin},
  title = {Formality of Chain Operad of Little Discs},
  journal = {Letters in Mathematical Physics}
}

@article{Hinich2003,
  doi = {10.1515/form.2003.032},
  url = {https://doi.org/10.1515/form.2003.032},
  year = {2003},
  month = jan,
  publisher = {Walter de Gruyter {GmbH}},
  volume = {15},
  number = {4},
  author = {V. Hinich},
  title = {Tamarkins proof of Kontsevich formality theorem},
  journal = {Forum Mathematicum}
}

@article{Kontsevich2003,
  doi = {10.1023/b:math.0000027508.00421.bf},
  url = {https://doi.org/10.1023/b:math.0000027508.00421.bf},
  year = {2003},
  month = dec,
  publisher = {Springer Science and Business Media {LLC}},
  volume = {66},
  number = {3},
  pages = {157--216},
  author = {M. Kontsevich},
  title = {Deformation Quantization of Poisson Manifolds},
  journal = {Letters in Mathematical Physics}
}

@article{bams/1183530111,
author = {J. M. Boardman and R. M. Vogt},
title = {{Homotopy-everything $H$-spaces}},
volume = {74},
journal = {Bulletin of the American Mathematical Society},
number = {6},
publisher = {American Mathematical Society},
pages = {1117 -- 1122},
year = {1968},
doi = {bams/1183530111},
URL = {https://doi.org/}
}

@book{Boardman1973,
  doi = {10.1007/bfb0068547},
  url = {https://doi.org/10.1007/bfb0068547},
  year = {1973},
  publisher = {Springer Berlin Heidelberg},
  author = {J. M. Boardman and R. M. Vogt},
  title = {Homotopy Invariant Algebraic Structures on Topological Spaces}
}

@article{Getzler1998,
  doi = {10.1023/a:1000245600345},
  url = {https://doi.org/10.1023/a:1000245600345},
  year = {1998},
  publisher = {Cambridge University Press ({CUP})},
  volume = {110},
  number = {1},
  pages = {65--125},
  title = {Modular Operads},
  author = {E. Getzler and M. M. Kapranov},
  journal = {Compositio Mathematica}
}

@article{Gan2003,
  doi = {10.4310/mrl.2003.v10.n1.a11},
  url = {https://doi.org/10.4310/mrl.2003.v10.n1.a11},
  year = {2003},
  publisher = {International Press of Boston},
  volume = {10},
  number = {1},
  pages = {109--124},
  author = {W. L. Gan},
  title = {{K}oszul duality for dioperads},
  journal = {Mathematical Research Letters}
}

@article{Dotsenko2020,
  doi = {10.1007/s10485-020-09591-0},
  url = {https://doi.org/10.1007/s10485-020-09591-0},
  year = {2020},
  month = jan,
  publisher = {Springer Science and Business Media {LLC}},
  volume = {28},
  number = {4},
  pages = {595--600},
  author = {V. Dotsenko},
  title = {Word operads and admissible orderings},
  journal = {Applied Categorical Structures}
}

@article{Dotsenko2010,
  doi = {10.1215/00127094-2010-026},
  url = {https://doi.org/10.1215/00127094-2010-026},
  year = {2010},
  publisher = {Duke University Press},
  volume = {153},
  number = {2},
  author = {V. Dotsenko and A. Khoroshkin},
  title = {Gr\"{o}bner bases for operads},
  journal = {Duke Mathematical Journal}
}

@Article{Hinich1999,
  author    = {V. Hinich},
  journal   = {Comm. in Algebra},
  title     = {Homological algebra of homotopy algebras},
  year      = {1997},
  number    = {10},
  pages     = {3291-3323},
  volume    = {25},
  doi       = {10.1080/00927879708826055},
  eprint    = {https://doi.org/10.1080/00927879708826055},
  publisher = {Taylor & Francis},
  url       = {https://doi.org/10.1080/00927879708826055},
}

@article{Vallette2020,
  doi = {10.5802/aif.3322},
  url = {https://doi.org/10.5802/aif.3322},
  year = {2020},
  publisher = {Cellule {MathDoc}/{CEDRAM}},
  volume = {70},
  number = {2},
  pages = {683--738},
  author = {B. Vallette},
  title = {Homotopy theory of homotopy algebras},
  journal = {Annales de l{\textquotesingle}Institut Fourier}
}

@article{Hoffbeck2009,
  doi = {10.1007/s00229-009-0303-2},
  url = {https://doi.org/10.1007/s00229-009-0303-2},
  year = {2009},
  publisher = {Springer Science and Business Media {LLC}},
  volume = {131},
  number = {1-2},
  pages = {87--110},
  author = {E. Hoffbeck},
  title = {A {P}oincar{\'{e}}--{B}irkhoff--{W}itt criterion for {K}oszul operads},
  journal = {Manuscripta Mathematica}
}

@book{Bremner2016,
  doi = {10.1201/b20061},
  url = {https://doi.org/10.1201/b20061},
  year = {2016},
  month = apr,
  publisher = {Chapman and Hall/{CRC}},
  author = {M. R. Bremner and V. Dotsenko},
  title = {Algebraic Operads}
}

@article{dotsenko2011free,
      title={Free resolutions via Gr\"obner bases}, 
      author={V. Dotsenko and A. Khoroshkin},
      year={2011},
      eprint={0912.4895},
      archivePrefix={arXiv},
      primaryClass={math.KT}
}
@misc{holstein2021categorical,
      title={Categorical {K}oszul duality}, 
      author={J. Holstein and A. Lazarev},
      year={2021},
      eprint={2006.01705},
      archivePrefix={arXiv},
      primaryClass={math.CT}
}

@misc{MO329,
    TITLE = {What is {K}oszul duality?},
    AUTHOR = {I. Nikokoshev},
    HOWPUBLISHED = {MathOverflow},
    year = {2009},
    NOTE = {https://mathoverflow.net/q/329 (version: 2009-11-27)},
    EPRINT = {https://mathoverflow.net/q/329},
    URL = {https://mathoverflow.net/q/329}
}

@article{Sinha2010,
      title={Koszul duality in algebraic topology: an historical perspective}, 
      author={D. Sinha},
      year={2010},
      eprint={https://arxiv.org/abs/1001.2032},
      archivePrefix={arXiv},
      primaryClass={math.AT}
}

@article{Ginzburg1994,
  doi = {10.1215/s0012-7094-94-07608-4},
  url = {https://doi.org/10.1215/s0012-7094-94-07608-4},
  year = {1994},
  publisher = {Duke University Press},
  volume = {76},
  number = {1},
  author = {V. Ginzburg and M. Kapranov},
  title = {Koszul duality for operads},
  journal = {Duke Mathematical Journal}
}

@article{Priddy1970,
  doi = {10.1090/s0002-9947-1970-0265437-8},
  url = {https://doi.org/10.1090/s0002-9947-1970-0265437-8},
  year = {1970},
  publisher = {American Mathematical Society ({AMS})},
  volume = {152},
  number = {1},
  pages = {39--60},
  author = {S. B. Priddy},
  title = {Koszul resolutions},
  journal = {Transactions of the American Mathematical Society}
}

@article{KellerKoszul2003,
      title={Koszul duality and coderived categories (after {K}. {L}ef\`evre)}, 
      author={B. Keller},
      year={2003},
      eprint={https://webusers.imj-prg.fr/~bernhard.keller/publ/kdc.pdf},
      pages = {6},
}

@article {MarklDistributive,
    AUTHOR = {Markl, M.},
     TITLE = {Distributive laws and {K}oszulness},
   JOURNAL = {Ann. Inst. Fourier (Grenoble)},
  FJOURNAL = {Universit\'{e} de Grenoble. Annales de l'Institut Fourier},
    VOLUME = {46},
      YEAR = {1996},
    NUMBER = {2},
     PAGES = {307--323},
      ISSN = {0373-0956},
   MRCLASS = {18C05 (18G15 55U35)},
  MRNUMBER = {1393517},
MRREVIEWER = {Kathryn P. Hess},
       URL = {http://www.numdam.org/item?id=AIF_1996__46_2_307_0},
}
 
 
@Article{Sullivan1977,
  author     = {Sullivan, D.},
  journal    = {Inst. Hautes \'{E}tudes Sci. Publ. Math.},
  title      = {Infinitesimal computations in topology},
  year       = {1977},
  issn       = {0073-8301},
  number     = {47},
  pages      = {269--331 (1978)},
  fjournal   = {Institut des Hautes \'{E}tudes Scientifiques. Publications Math\'{e}matiques},
  mrclass    = {57D99 (55D99 58A10)},
  mrnumber   = {646078},
  mrreviewer = {J. F. Adams},
  url        = {http://www.numdam.org/item?id=PMIHES_1977__47__269_0},
}

@book {Felix2001,
    AUTHOR = {F\'{e}lix, Y. and Halperin, S. and Thomas, J.-C.},
     TITLE = {Rational homotopy theory},
    SERIES = {Graduate Texts in Mathematics},
    VOLUME = {205},
 PUBLISHER = {Springer-Verlag, New York},
      YEAR = {2001},
     PAGES = {xxxiv+535},
      ISBN = {0-387-95068-0},
   MRCLASS = {55P62 (18Gxx 55U35)},
  MRNUMBER = {1802847},
MRREVIEWER = {John F. Oprea},
       DOI = {10.1007/978-1-4613-0105-9},
       URL = {https://doi.org/10.1007/978-1-4613-0105-9},
}

@article{Weiss1999,
  doi = {10.2140/gt.1999.3.67},
  url = {https://doi.org/10.2140/gt.1999.3.67},
  year = {1999},
  month = may,
  publisher = {Mathematical Sciences Publishers},
  volume = {3},
  number = {1},
  pages = {67--101},
  author = {M. Weiss},
  title = {Embeddings from the point of view of immersion theory : Part {I}},
  journal = {Geometry {\&} Topology}
}

@article{Arone2007,
  doi = {10.1007/s11511-007-0019-7},
  url = {https://doi.org/10.1007/s11511-007-0019-7},
  year = {2007},
  publisher = {International Press of Boston},
  volume = {199},
  number = {2},
  pages = {153--198},
  author = {G. Arone and P. Lambrechts and I. Voli{\'{c}}},
  title = {Calculus of functors,  operad formality,  and rational homology of embedding spaces},
  journal = {Acta Mathematica}
}

@article{Goodwillie1999,
  doi = {10.2140/gt.1999.3.103},
  url = {https://doi.org/10.2140/gt.1999.3.103},
  year = {1999},
  month = may,
  publisher = {Mathematical Sciences Publishers},
  volume = {3},
  number = {1},
  pages = {103--118},
  author = {T. G. Goodwillie and M. Weiss},
  title = {Embeddings from the point of view of immersion theory : Part {II}},
  journal = {Geometry {\&} Topology}
}

@article{Weiss1996,
  doi = {10.1090/s0273-0979-96-00657-x},
  url = {https://doi.org/10.1090/s0273-0979-96-00657-x},
  year = {1996},
  publisher = {American Mathematical Society ({AMS})},
  volume = {33},
  number = {2},
  pages = {177--187},
  author = {M. Weiss},
  title = {Calculus of embeddings},
  journal = {Bulletin of the American Mathematical Society}
}


@article{Munson2010,
      title={Introduction to the manifold calculus of Goodwillie-Weiss}, 
      author={B. A. Munson},
      year={2010},
      eprint={1005.1698},
      archivePrefix={arXiv},
      primaryClass={math.AT}
}

@article{Hochschild1945,
  doi = {10.2307/1969145},
  url = {https://doi.org/10.2307/1969145},
  year = {1945},
  month = jan,
  publisher = {{JSTOR}},
  volume = {46},
  number = {1},
  pages = {58},
  author = {G. Hochschild},
  title = {On the Cohomology Groups of an Associative Algebra},
  journal = {The Annals of Mathematics}
}

@article{Batanin2014,
  doi = {10.4171/jncg/167},
  url = {https://doi.org/10.4171/jncg/167},
  year = {2014},
  publisher = {European Mathematical Society - {EMS} - Publishing House {GmbH}},
  volume = {8},
  number = {3},
  pages = {655--693},
  author = {M. Batanin and M. Markl},
  title = {Crossed interval groups and operations on the Hochschild cohomology},
  journal = {Journal of Noncommutative Geometry}
}

@book {Quillen1967,
    AUTHOR = {Quillen, D. G.},
     TITLE = {Homotopical algebra},
    SERIES = {Lecture Notes in Mathematics, No. 43},
 PUBLISHER = {Springer-Verlag, Berlin-New York},
      YEAR = {1967},
     PAGES = {iv+156 pp. (not consecutively paged)},
   MRCLASS = {18.20 (55.00)},
  MRNUMBER = {0223432},
MRREVIEWER = {A. K. Bousfield},
}

@Comment{jabref-meta: databaseType:bibtex;}
