% Encoding: UTF-8
@incollection {BeckLawsSpringer,
    AUTHOR = {Beck, J.},
     TITLE = {Distributive laws},
 BOOKTITLE = {Sem. on {T}riples and {C}ategorical {H}omology {T}heory
              ({ETH}, {Z}\"{u}rich, 1966/67)},
     PAGES = {119--140},
 PUBLISHER = {Springer, Berlin},
      YEAR = {1969},
   MRCLASS = {18.20},
  MRNUMBER = {0241502},
MRREVIEWER = {J. R. Isbell},
}
@article{Aguiar2020,
  doi = {10.3842/sigma.2020.066},
  url = {https://doi.org/10.3842/sigma.2020.066},
  year = {2020},
  month = jul,
  publisher = {{SIGMA} (Symmetry,  Integrability and Geometry: Methods and Application)},
  author = {Marcelo Aguiar and},
  title = {Dendriform Algebras Relative to a Semigroup},
  journal = {Symmetry,  Integrability and Geometry: Methods and Applications}
}
@article{Markl2014,
  doi = {10.1007/s40062-014-0079-2},
  url = {https://doi.org/10.1007/s40062-014-0079-2},
  year = {2014},
  month = may,
  publisher = {Springer Science and Business Media {LLC}},
  volume = {10},
  number = {3},
  pages = {637--667},
  author = {Martin Markl},
  title = {On the origin of higher braces and higher-order derivations},
  journal = {Journal of Homotopy and Related Structures}
}
@article{Dotsenko2019,
  doi = {10.1112/topo.12091},
  url = {https://doi.org/10.1112/topo.12091},
  year = {2019},
  month = feb,
  publisher = {Wiley},
  volume = {12},
  number = {2},
  pages = {463--535},
  author = {Vladimir Dotsenko and Sergey Shadrin and Bruno Vallette},
  title = {Toric varieties of Loday{\textquotesingle}s associahedra and noncommutative cohomological field theories},
  journal = {Journal of Topology}
  }
  
@article{Borjeson,
  doi = {10.4172/1736-4337.1000214},
  url = {https://doi.org/10.4172/1736-4337.1000214},
  year = {2015},
  publisher = {{OMICS} Publishing Group},
  volume = {09},
  number = {01},
  author = {Kaj Borjeson},
  title = {$A_\infty$-algebras Derived from Associative Algebras with a Non-Derivation Differential},
  journal = {Journal of Generalized Lie Theory and Applications}
}

@misc{dotsenko2020operads,
    title={Operads of enriched pre-Lie algebras and freeness theorems},
    author={V. Dotsenko and L. Foissy},
    year={2020},
    eprint={2002.10536},
    archivePrefix={arXiv},
    primaryClass={math.CT}
}
@article {MillerConjecture,
    AUTHOR = {Miller, Haynes},
     TITLE = {The {S}ullivan conjecture on maps from classifying spaces},
   JOURNAL = {Ann. of Math. (2)},
  FJOURNAL = {Annals of Mathematics. Second Series},
    VOLUME = {120},
      YEAR = {1984},
    NUMBER = {1},
     PAGES = {39--87},
      ISSN = {0003-486X},
   MRCLASS = {55R35 (55T15)},
  MRNUMBER = {750716},
MRREVIEWER = {Gunnar Carlsson},
       DOI = {10.2307/2007071},
       URL = {https://doi.org/10.2307/2007071},
}
@article {MillerReport,
    AUTHOR = {Miller, Haynes},
     TITLE = {The {S}ullivan conjecture},
   JOURNAL = {Bull. Amer. Math. Soc. (N.S.)},
  FJOURNAL = {American Mathematical Society. Bulletin. New Series},
    VOLUME = {9},
      YEAR = {1983},
    NUMBER = {1},
     PAGES = {75--78},
      ISSN = {0273-0979},
   MRCLASS = {55S35 (13D03 18G55 20J10 55T10)},
  MRNUMBER = {699318},
       DOI = {10.1090/S0273-0979-1983-15159-5},
       URL = {https://doi.org/10.1090/S0273-0979-1983-15159-5},
}
@book {Schwartz,
    AUTHOR = {Schwartz, Lionel},
     TITLE = {Unstable modules over the {S}teenrod algebra and {S}ullivan's
              fixed point set conjecture},
    SERIES = {Chicago Lectures in Mathematics},
 PUBLISHER = {University of Chicago Press, Chicago, IL},
      YEAR = {1994},
     PAGES = {x+229},
      ISBN = {0-226-74202-4; 0-226-74203-2},
   MRCLASS = {55S10 (55S37 55T15)},
  MRNUMBER = {1282727},
MRREVIEWER = {Donald M. Davis},
}

@article {Goerss,
    AUTHOR = {Goerss, Paul G.},
     TITLE = {On the {A}ndr\'{e}-{Q}uillen cohomology of commutative F2-algebras},
   JOURNAL = {Ast\'{e}risque},
  FJOURNAL = {Ast\'{e}risque},
    NUMBER = {186},
      YEAR = {1990},
     PAGES = {169},
      ISSN = {0303-1179},
   MRCLASS = {18G55 (13D03 18G30 55U35)},
  MRNUMBER = {1089001},
MRREVIEWER = {Timothy Porter},
}


@article{Cisinski2013,
   title={Dendroidal sets and simplicial operads},
   volume={6},
   ISSN={1753-8416},
   url={http://dx.doi.org/10.1112/jtopol/jtt006},
   DOI={10.1112/jtopol/jtt006},
   number={3},
   journal={Journal of Topology},
   publisher={Wiley},
   author={Cisinski, D.-C. and Moerdijk, I.},
   year={2013},
   month={Apr},
   pages={705–756}
}
@article {Huebschmann,
    AUTHOR = {Huebschmann, J.},
     TITLE = {Poisson cohomology and quantization},
   JOURNAL = {J. Reine Angew. Math.},
  FJOURNAL = {Journal f\"{u}r die Reine und Angewandte Mathematik. [Crelle's
              Journal]},
    VOLUME = {408},
      YEAR = {1990},
     PAGES = {57--113},
      ISSN = {0075-4102},
   MRCLASS = {17B56 (58F05 58F06)},
  MRNUMBER = {1058984},
MRREVIEWER = {Alberto Medina},
       DOI = {10.1515/crll.1990.408.57},
       URL = {https://doi.org/10.1515/crll.1990.408.57},
}
@article {Rinehart,
    AUTHOR = {Rinehart, G. S.},
     TITLE = {Differential forms on general commutative algebras},
   JOURNAL = {Trans. Amer. Math. Soc.},
  FJOURNAL = {Transactions of the American Mathematical Society},
    VOLUME = {108},
      YEAR = {1963},
     PAGES = {195--222},
      ISSN = {0002-9947},
   MRCLASS = {17.30 (14.52)},
  MRNUMBER = {154906},
MRREVIEWER = {P. Cartier},
       DOI = {10.2307/1993603},
       URL = {https://doi.org/10.2307/1993603},
}
@article {KordonLambre,
    AUTHOR = {Kordon, F. and Lambre, T.},
     TITLE = {Lie-{R}inehart and {H}ochschild cohomology for algebras of
              differential operators},
   JOURNAL = {J. Pure Appl. Algebra},
  FJOURNAL = {Journal of Pure and Applied Algebra},
    VOLUME = {225},
      YEAR = {2021},
    NUMBER = {1},
     PAGES = {106456},
      ISSN = {0022-4049},
   MRCLASS = {16E40 (14N20 16E65 16S32)},
  MRNUMBER = {4123254},
       DOI = {10.1016/j.jpaa.2020.106456},
       URL = {https://doi.org/10.1016/j.jpaa.2020.106456},
}
@book {SimplicialMethods,
    AUTHOR = {Moerdijk, I. and To\"{e}n, B.},
     TITLE = {Simplicial methods for operads and algebraic geometry},
    SERIES = {Advanced Courses in Mathematics. CRM Barcelona},
      NOTE = {Edited by Carles Casacuberta and Joachim Kock},
 PUBLISHER = {Birkh\"{a}user/Springer Basel AG, Basel},
      YEAR = {2010},
     PAGES = {x+186},
      ISBN = {978-3-0348-0051-8},
   MRCLASS = {18G30 (14A20 14D20 18D50 18G55)},
  MRNUMBER = {2797154},
MRREVIEWER = {Beno\^{\i}t Fresse},
       DOI = {10.1007/978-3-0348-0052-5},
       URL = {https://doi.org/10.1007/978-3-0348-0052-5},
}


@article {FresseSimplicialAlgebras,
    AUTHOR = {Fresse, B.},
     TITLE = {On the homotopy of simplicial algebras over an operad},
   JOURNAL = {Trans. Amer. Math. Soc.},
  FJOURNAL = {Transactions of the American Mathematical Society},
    VOLUME = {352},
      YEAR = {2000},
    NUMBER = {9},
     PAGES = {4113--4141},
      ISSN = {0002-9947},
   MRCLASS = {18G30 (18C99 55P48 55S99 55U10)},
  MRNUMBER = {1665330},
MRREVIEWER = {Stanis\l aw Betley},
       DOI = {10.1090/S0002-9947-99-02489-7},
       URL = {https://doi.org/10.1090/S0002-9947-99-02489-7},
}
@InProceedings{SurveyKoszul,
author="Kumar, N.",
editor="Ambily, A. A.
and Hazrat, Roozbeh
and Sury, B.",
title="A Survey on Koszul Algebras and Koszul Duality",
booktitle="Leavitt Path Algebras and Classical K-Theory",
year="2020",
publisher="Springer Singapore",
address="Singapore",
pages="157--176",
isbn="978-981-15-1611-5"
}
@article{OperadicTwisting,
title = "Operadic twisting – With an application to Deligne's conjecture",
journal = "Journal of Pure and Applied Algebra",
volume = "219",
number = "5",
pages = "1349 - 1428",
year = "2015",
issn = "0022-4049",
doi = "https://doi.org/10.1016/j.jpaa.2014.06.010",
url = "http://www.sciencedirect.com/science/article/pii/S0022404914001662",
author = "V. Dolgushev and T. Willwacher",
}
@unpublished{EnrichedPreLie,
  TITLE = {{Operads of enriched pre-Lie algebras and freeness theorems}},
  AUTHOR = {Dotsenko, V. and Foissy, L.},
  URL = {https://hal.archives-ouvertes.fr/hal-02491335},
  NOTE = {preprint},
  YEAR = {2020},
  MONTH = Feb,
  HAL_ID = {hal-02491335},
  HAL_VERSION = {v1},
}
@unpublished{TwistingProcedure,
  TITLE = {{The twisting procedure}},
  AUTHOR = {Dotsenko, V. and Shadrin, S. and Vallette, B.},
  URL = {https://hal.archives-ouvertes.fr/hal-02378802},
  NOTE = {New format (short monography), 93 pages, minor corrections, submitted version},
  YEAR = {2019},
  MONTH = Nov,
  DOI = {10.02941},
  HAL_ID = {hal-02378802},
  HAL_VERSION = {v1},
}
@article{HigherKoszulHeLu,
title = "Higher Koszul algebras and A-infinity algebras",
journal = "Journal of Algebra",
volume = "293",
number = "2",
pages = "335 - 362",
year = "2005",
issn = "0021-8693",
doi = "https://doi.org/10.1016/j.jalgebra.2005.05.025",
url = "http://www.sciencedirect.com/science/article/pii/S0021869305003285",
author = "J.-W. He and D.-M. Lu",
keywords = "-algebra, Koszul algebra, Connected graded algebra",
abstract = "We study a class of A∞-algebras, named (2,p)-algebras, which is related to the class of p-homogeneous algebras, especially to the class of p-Koszul algebras. A general method to construct (2,p)-algebras is given. Koszul dual of a connected graded algebra is defined in terms of A∞-algebra. It is proved that a p-homogeneous algebra A is p-Koszul if and only if the Koszul dual E(A) is a reduced (2,p)-algebra and generated by E1(A). The (2,p)-algebra structure of the Koszul dual E(A) of a p-Koszul algebra A is described explicitly. A necessary and sufficient condition for a p-homogeneous algebra to be a p-Koszul algebra is also given when the higher multiplications on the Koszul dual are ignored."
}
@misc{Das3,
    title={Cohomology and deformations of dendriform coalgebras},
    author={A. Das},
    year={2019},
    eprint={1907.08255},
    archivePrefix={arXiv},
    primaryClass={math.RA}
}
@misc{Das2,
    title={Extensions, deformation and categorification of $\text{AssDer}$ pairs},
    author={A. Das and A. Mandal},
    year={2020},
    eprint={2002.11415},
    archivePrefix={arXiv},
    primaryClass={math.RA}
}
@misc{Das1,
    title={Leibniz algebras with derivations},
    author={A. Das},
    year={2020},
    eprint={2003.07392},
    archivePrefix={arXiv},
    primaryClass={math.RA}
}
@book {PolPos,
    AUTHOR = {Polishchuk, A. and Positselski, L.},
     TITLE = {Quadratic algebras},
    SERIES = {University Lecture Series},
    VOLUME = {37},
 PUBLISHER = {American Mathematical Society, Providence, RI},
      YEAR = {2005},
     PAGES = {xii+159},
      ISBN = {0-8218-3834-2},
   MRCLASS = {16S37 (16E30)},
  MRNUMBER = {2177131},
MRREVIEWER = {Ralf Fr\"{o}berg},
       DOI = {10.1090/ulect/037},
       URL = {https://doi.org/10.1090/ulect/037},
}
@article {HigherKoszulDuality,
    AUTHOR = {Dotsenko, V. and Vallette, B.},
     TITLE = {Higher {K}oszul duality for associative algebras},
   JOURNAL = {Glasg. Math. J.},
  FJOURNAL = {Glasgow Mathematical Journal},
    VOLUME = {55},
      YEAR = {2013},
    NUMBER = {A},
     PAGES = {55--74},
      ISSN = {0017-0895},
   MRCLASS = {16E45 (16S37 18D50)},
  MRNUMBER = {3110804},
MRREVIEWER = {Liping Li},
       DOI = {10.1017/S0017089513000505},
       URL = {https://doi.org/10.1017/S0017089513000505},
}


@article {HomotopyAssociativity,
    AUTHOR = {Stasheff, J. D.},
     TITLE = {Homotopy associativity of {$H$}-spaces. {I}, {II}},
   JOURNAL = {Trans. Amer. Math. Soc. 108 (1963), 275-292; ibid.},
  FJOURNAL = {Transactions of the American Mathematical Society},
    VOLUME = {108},
      YEAR = {1963},
     PAGES = {293--312},
      ISSN = {0002-9947},
   MRCLASS = {55.40},
  MRNUMBER = {0158400},
MRREVIEWER = {A. H. Clark},
       DOI = {10.1090/s0002-9947-1963-0158400-5},
       URL = {https://doi.org/10.1090/s0002-9947-1963-0158400-5},
}
@article {GinotGerstenhaber,
    AUTHOR = {Ginot, G.},
     TITLE = {Homologie et mod\`ele minimal des alg\`ebres de {G}erstenhaber},
   JOURNAL = {Ann. Math. Blaise Pascal},
  FJOURNAL = {Annales Math\'{e}matiques Blaise Pascal},
    VOLUME = {11},
      YEAR = {2004},
    NUMBER = {1},
     PAGES = {95--127},
      ISSN = {1259-1734},
   MRCLASS = {16E40 (17B63 18D50 55P48)},
  MRNUMBER = {2077240},
MRREVIEWER = {Beno\^{\i}t Fresse},
       URL = {http://ambp.cedram.org/item?id=AMBP_2004__11_1_95_0},
}
@article {MinimalBV,
    AUTHOR = {Drummond-Cole, G. C. and Vallette, B.},
     TITLE = {The minimal model for the {B}atalin-{V}ilkovisky operad},
   JOURNAL = {Selecta Math. (N.S.)},
  FJOURNAL = {Selecta Mathematica. New Series},
    VOLUME = {19},
      YEAR = {2013},
    NUMBER = {1},
     PAGES = {1--47},
      ISSN = {1022-1824},
   MRCLASS = {18D50 (53D45 55P48)},
  MRNUMBER = {3029946},
MRREVIEWER = {Eduardo O. C. Hoefel},
       DOI = {10.1007/s00029-012-0098-y},
       URL = {https://doi.org/10.1007/s00029-012-0098-y},
}

@article {HomotopyBVGTV,
    AUTHOR = {G\'{a}lvez-Carrillo, I. and Tonks, A. and Vallette, B.},
     TITLE = {Homotopy {B}atalin-{V}ilkovisky algebras},
   JOURNAL = {J. Noncommut. Geom.},
  FJOURNAL = {Journal of Noncommutative Geometry},
    VOLUME = {6},
      YEAR = {2012},
    NUMBER = {3},
     PAGES = {539--602},
      ISSN = {1661-6952},
   MRCLASS = {81T40},
  MRNUMBER = {2956319},
MRREVIEWER = {Beno\^{\i}t Fresse},
       DOI = {10.4171/JNCG/99},
       URL = {https://doi.org/10.4171/JNCG/99},
}
@article {HomotopyBVTamarkinTsygan,
    AUTHOR = {Tamarkin, D. and Tsygan, B.},
     TITLE = {Noncommutative differential calculus, homotopy {BV} algebras
              and formality conjectures},
   JOURNAL = {Methods Funct. Anal. Topology},
  FJOURNAL = {Methods of Functional Analysis and Topology},
    VOLUME = {6},
      YEAR = {2000},
    NUMBER = {2},
     PAGES = {85--100},
      ISSN = {1029-3531},
   MRCLASS = {16E40},
  MRNUMBER = {1783778},
MRREVIEWER = {Michel Van den Bergh},
}

@Article{SHLA,
  author    = {T. Lada and M. Markl},
  journal   = {Communications in Algebra},
  title     = {Strongly homotopy lie algebras},
  year      = {1995},
  number    = {6},
  pages     = {2147-2161},
  volume    = {23},
  doi       = {10.1080/00927879508825335},
  eprint    = {https://doi.org/10.1080/00927879508825335},
  publisher = {Taylor & Francis},
  url       = {https://doi.org/10.1080/00927879508825335},
}
@article {MilnorMoore,
    AUTHOR = {Milnor, J. W. and Moore, J. C.},
     TITLE = {On the structure of {H}opf algebras},
   JOURNAL = {Ann. of Math. (2)},
  FJOURNAL = {Annals of Mathematics. Second Series},
    VOLUME = {81},
      YEAR = {1965},
     PAGES = {211--264},
      ISSN = {0003-486X},
   MRCLASS = {55.40 (55.34)},
  MRNUMBER = {174052},
MRREVIEWER = {I. M. James},
       DOI = {10.2307/1970615},
       URL = {https://doi.org/10.2307/1970615},
}
@misc{das2020leibniz,
    title={Leibniz algebras with derivations},
    author={A. Das},
    year={2020},
    eprint={2003.07392},
    archivePrefix={arXiv},
    primaryClass={math.RA}
}
@article {SingerAnick,
    AUTHOR = {Singer, W.~M.},
     TITLE = {On the minimality of {A}nick's resolution, with application to
              an algebra of cohomology operations},
   JOURNAL = {J. Algebra},
  FJOURNAL = {Journal of Algebra},
    VOLUME = {179},
      YEAR = {1996},
    NUMBER = {3},
     PAGES = {918--929},
      ISSN = {0021-8693},
   MRCLASS = {18G10 (18G15 20J99 55N99)},
  MRNUMBER = {1371751},
MRREVIEWER = {Ian M. Chiswell},
       DOI = {10.1006/jabr.1996.0044},
       URL = {https://doi.org/10.1006/jabr.1996.0044},
}
@article {MarklDistributive,
    AUTHOR = {Markl, M.},
     TITLE = {Distributive laws and {K}oszulness},
   JOURNAL = {Ann. Inst. Fourier (Grenoble)},
  FJOURNAL = {Universit\'{e} de Grenoble. Annales de l'Institut Fourier},
    VOLUME = {46},
      YEAR = {1996},
    NUMBER = {2},
     PAGES = {307--323},
      ISSN = {0373-0956},
   MRCLASS = {18C05 (18G15 55U35)},
  MRNUMBER = {1393517},
MRREVIEWER = {Kathryn P. Hess},
       URL = {http://www.numdam.org/item?id=AIF_1996__46_2_307_0},
}
@article {Wall,
    AUTHOR = {Wall, C. T. C.},
     TITLE = {Generators and relations for the {S}teenrod algebra},
   JOURNAL = {Ann. of Math. (2)},
  FJOURNAL = {Annals of Mathematics. Second Series},
    VOLUME = {72},
      YEAR = {1960},
     PAGES = {429--444},
      ISSN = {0003-486X},
   MRCLASS = {55.00},
  MRNUMBER = {116326},
MRREVIEWER = {W. S. Massey},
       DOI = {10.2307/1970225},
       URL = {https://doi.org/10.2307/1970225},
}
@misc{Das,
    title={Extensions and deformations of algebras with higher derivations},
    author={A. Das},
    year={2020},
    eprint={2003.08452},
    archivePrefix={arXiv},
    primaryClass={math.RA}
}
@misc{dPBW,
    title={Derived Poincaré-Birkhoff-Witt Theorems (with an appendix by Vladimir Dotsenko)},
    author={A. Khoroshkin and P. Tamaroff},
    year={2020},
    eprint={2003.06055},
    archivePrefix={arXiv},
    primaryClass={math.KT}
}
@article {Milnor,
    AUTHOR = {Milnor, J.},
     TITLE = {The {S}teenrod algebra and its dual},
   JOURNAL = {Ann. of Math. (2)},
  FJOURNAL = {Annals of Mathematics. Second Series},
    VOLUME = {67},
      YEAR = {1958},
     PAGES = {150--171},
      ISSN = {0003-486X},
   MRCLASS = {55.00 (18.00)},
  MRNUMBER = {99653},
MRREVIEWER = {G. Hirsch},
       DOI = {10.2307/1969932},
       URL = {https://doi.org/10.2307/1969932},
}
@article {Wood,
    AUTHOR = {Wood, R. M. W.},
     TITLE = {Problems in the {S}teenrod algebra},
   JOURNAL = {Bull. London Math. Soc.},
  FJOURNAL = {The Bulletin of the London Mathematical Society},
    VOLUME = {30},
      YEAR = {1998},
    NUMBER = {5},
     PAGES = {449--517},
      ISSN = {0024-6093},
   MRCLASS = {55S10},
  MRNUMBER = {1643834},
MRREVIEWER = {Franklin P. Peterson},
       DOI = {10.1112/S002460939800486X},
       URL = {https://doi.org/10.1112/S002460939800486X},
}
@article {Toda,
    AUTHOR = {Toda, H.},
     TITLE = {On exact sequences in {S}teenrod algebra {${\rm mod}\,2$}},
   JOURNAL = {Mem. Coll. Sci. Univ. Kyoto Ser. A. Math.},
  FJOURNAL = {Memoirs of the College of Science. University of Kyoto. Series
              A. Mathematics},
    VOLUME = {31},
      YEAR = {1958},
     PAGES = {33--64},
      ISSN = {0368-8887},
   MRCLASS = {55.00},
  MRNUMBER = {100835},
MRREVIEWER = {H. Cartan},
       DOI = {10.1215/kjm/1250776948},
       URL = {https://doi.org/10.1215/kjm/1250776948},
}
@article {Straffin,
    AUTHOR = {Straffin, Jr., P. D.},
     TITLE = {Identities for conjugation in the {S}teenrod algebra},
   JOURNAL = {Proc. Amer. Math. Soc.},
  FJOURNAL = {Proceedings of the American Mathematical Society},
    VOLUME = {49},
      YEAR = {1975},
     PAGES = {253--255},
      ISSN = {0002-9939},
   MRCLASS = {55G10},
  MRNUMBER = {380796},
MRREVIEWER = {H. Wada},
       DOI = {10.2307/2039825},
       URL = {https://doi.org/10.2307/2039825},
}
@article {KoszulPriddy,
    AUTHOR = {Priddy, S. B.},
     TITLE = {Koszul resolutions},
   JOURNAL = {Trans. Amer. Math. Soc.},
  FJOURNAL = {Transactions of the American Mathematical Society},
    VOLUME = {152},
      YEAR = {1970},
     PAGES = {39--60},
      ISSN = {0002-9947},
   MRCLASS = {18.20},
  MRNUMBER = {265437},
MRREVIEWER = {A. K. Bousfield},
       DOI = {10.2307/1995637},
       URL = {https://doi.org/10.2307/1995637},
}
@article {MerkulovVallette,
    AUTHOR = {Merkulov, S. and Vallette, B.},
     TITLE = {Deformation theory of representations of prop(erad)s. {I}},
   JOURNAL = {J. Reine Angew. Math.},
  FJOURNAL = {Journal f\"{u}r die Reine und Angewandte Mathematik. [Crelle's
              Journal]},
    VOLUME = {634},
      YEAR = {2009},
     PAGES = {51--106},
      ISSN = {0075-4102},
   MRCLASS = {18G55 (16E45 16W25 17B62 18D50)},
  MRNUMBER = {2560406},
MRREVIEWER = {Beno\^{\i}t Fresse},
       DOI = {10.1515/CRELLE.2009.069},
       URL = {https://doi.org/10.1515/CRELLE.2009.069},
}
@article {GoerssTurner,
    AUTHOR = {Goerss, P. and Turner, J.},
     TITLE = {Homotopy theory of simplicial abelian {H}opf algebras},
   JOURNAL = {J. Pure Appl. Algebra},
  FJOURNAL = {Journal of Pure and Applied Algebra},
    VOLUME = {135},
      YEAR = {1999},
    NUMBER = {2},
     PAGES = {167--206},
      ISSN = {0022-4049},
   MRCLASS = {18G30 (16E40 18G55 55U99)},
  MRNUMBER = {1667556},
MRREVIEWER = {Donald M. Davis},
       DOI = {10.1016/S0022-4049(97)00142-4},
       URL = {https://doi.org/10.1016/S0022-4049(97)00142-4},
}
@article {WordOperads,
    AUTHOR = {Dotsenko, V.},
     TITLE = {Word operads and admissible orderings},
   JOURNAL = {Appl. Categ. Structures},
  FJOURNAL = {Applied Categorical Structures. A Journal Devoted to
              Applications of Categorical Methods in Algebra, Analysis,
              Order, Topology and Computer Science},
    VOLUME = {28},
      YEAR = {2020},
    NUMBER = {4},
     PAGES = {595--600},
      ISSN = {0927-2852},
   MRCLASS = {18M80},
  MRNUMBER = {4114993},
       DOI = {10.1007/s10485-020-09591-0},
       URL = {https://doi.org/10.1007/s10485-020-09591-0},
}
@article {AlexanderKoszulSpaces,
    AUTHOR = {Berglund, A.},
     TITLE = {Koszul spaces},
   JOURNAL = {Trans. Amer. Math. Soc.},
  FJOURNAL = {Transactions of the American Mathematical Society},
    VOLUME = {366},
      YEAR = {2014},
    NUMBER = {9},
     PAGES = {4551--4569},
      ISSN = {0002-9947},
   MRCLASS = {55P62 (16S37 18D50)},
  MRNUMBER = {3217692},
MRREVIEWER = {Samuel B. Smith},
       DOI = {10.1090/S0002-9947-2014-05935-7},
       URL = {https://doi.org/10.1090/S0002-9947-2014-05935-7},
}
@article {AnickSpheres,
    AUTHOR = {Anick, D. J.},
     TITLE = {The {A}dams-{H}ilton model for a fibration over a sphere},
   JOURNAL = {J. Pure Appl. Algebra},
  FJOURNAL = {Journal of Pure and Applied Algebra},
    VOLUME = {75},
      YEAR = {1991},
    NUMBER = {1},
     PAGES = {1--35},
      ISSN = {0022-4049},
   MRCLASS = {55U15 (55R20)},
  MRNUMBER = {1137159},
MRREVIEWER = {Donald M. Davis},
       DOI = {10.1016/0022-4049(91)90085-G},
       URL = {https://doi.org/10.1016/0022-4049(91)90085-G},
}
@article {AH,
    AUTHOR = {Adams, J. F. and Hilton, P. J.},
     TITLE = {On the chain algebra of a loop space},
   JOURNAL = {Comment. Math. Helv.},
  FJOURNAL = {Commentarii Mathematici Helvetici},
    VOLUME = {30},
      YEAR = {1956},
     PAGES = {305--330},
      ISSN = {0010-2571},
   MRCLASS = {55.0X},
  MRNUMBER = {77929},
MRREVIEWER = {W. S. Massey},
       DOI = {10.1007/BF02564350},
       URL = {https://doi.org/10.1007/BF02564350},
}
@article {ExtendedAdamsHilton,
    AUTHOR = {F\'{e}lix, Y. and Thomas, J.-C.},
     TITLE = {Extended {A}dams-{H}ilton's construction},
   JOURNAL = {Pacific J. Math.},
  FJOURNAL = {Pacific Journal of Mathematics},
    VOLUME = {128},
      YEAR = {1987},
    NUMBER = {2},
     PAGES = {251--263},
      ISSN = {0030-8730},
   MRCLASS = {55R20},
  MRNUMBER = {888517},
MRREVIEWER = {Paul Selick},
       URL = {http://projecteuclid.org/euclid.pjm/1102699101},
}
@article {BauesLemaire,
    AUTHOR = {Baues, H.-J. and Lemaire, J.-M.},
     TITLE = {Minimal models in homotopy theory},
   JOURNAL = {Math. Ann.},
  FJOURNAL = {Mathematische Annalen},
    VOLUME = {225},
      YEAR = {1977},
    NUMBER = {3},
     PAGES = {219--242},
      ISSN = {0025-5831},
   MRCLASS = {55J15 (57F05)},
  MRNUMBER = {431172},
MRREVIEWER = {J. P. May},
       DOI = {10.1007/BF01425239},
       URL = {https://doi.org/10.1007/BF01425239},
}


@article {Milles,
    AUTHOR = {Mill\`es, J.},
     TITLE = {Andr\'{e}-{Q}uillen cohomology of algebras over an operad},
   JOURNAL = {Adv. Math.},
  FJOURNAL = {Advances in Mathematics},
    VOLUME = {226},
      YEAR = {2011},
    NUMBER = {6},
     PAGES = {5120--5164},
      ISSN = {0001-8708},
   MRCLASS = {16E40 (18D50 18G55)},
  MRNUMBER = {2775896},
MRREVIEWER = {Beno\^{\i}t Fresse},
       DOI = {10.1016/j.aim.2011.01.002},
       URL = {https://doi.org/10.1016/j.aim.2011.01.002},
}
@article {Menichi,
    AUTHOR = {Menichi, L.},
     TITLE = {The cohomology ring of free loop spaces},
   JOURNAL = {Homology Homotopy Appl.},
  FJOURNAL = {Homology, Homotopy and Applications},
    VOLUME = {3},
      YEAR = {2001},
    NUMBER = {1},
     PAGES = {193--224},
      ISSN = {1532-0081},
   MRCLASS = {55P35 (16E40)},
  MRNUMBER = {1854644},
MRREVIEWER = {Jie Wu},
       DOI = {10.4310/hha.2001.v3.n1.a9},
       URL = {https://doi.org/10.4310/hha.2001.v3.n1.a9},
}
@book {McCleary,
    AUTHOR = {McCleary, J.},
     TITLE = {A user's guide to spectral sequences},
    SERIES = {Cambridge Studies in Advanced Mathematics},
    VOLUME = {58},
   EDITION = {Second},
 PUBLISHER = {Cambridge University Press, Cambridge},
      YEAR = {2001},
     PAGES = {xvi+561},
      ISBN = {0-521-56759-9},
   MRCLASS = {55Txx (18G40)},
  MRNUMBER = {1793722},
MRREVIEWER = {Frank Neumann},
}
@article {Massey,
    AUTHOR = {Massey, W. S.},
     TITLE = {Exact couples in algebraic topology. {I}, {II}},
   JOURNAL = {Ann. of Math. (2)},
  FJOURNAL = {Annals of Mathematics. Second Series},
    VOLUME = {56},
      YEAR = {1952},
     PAGES = {363--396},
      ISSN = {0003-486X},
   MRCLASS = {56.0X},
  MRNUMBER = {52770},
MRREVIEWER = {H. Cartan},
       DOI = {10.2307/1969805},
       URL = {https://doi.org/10.2307/1969805},
}

 @inproceedings {MajewskiBauesLemaire,
    AUTHOR = {Majewski, M.},
     TITLE = {A proof of the {B}aues-{L}emaire conjecture in rational
              homotopy theory},
 BOOKTITLE = {Proceedings of the {W}inter {S}chool ``{G}eometry and
              {P}hysics'' ({S}rn\'{\i}, 1991)},
   JOURNAL = {Rend. Circ. Mat. Palermo (2) Suppl.},
  FJOURNAL = {Rendiconti del Circolo Matematico di Palermo. Serie II.
              Supplemento},
    NUMBER = {30},
      YEAR = {1993},
     PAGES = {113--123},
      ISSN = {1592-9531},
   MRCLASS = {55P62},
  MRNUMBER = {1246625},
}
@book {AnickBook,
    AUTHOR = {Anick, D. J.},
     TITLE = {Differential algebras in topology},
    SERIES = {Research Notes in Mathematics},
    VOLUME = {3},
 PUBLISHER = {A K Peters, Ltd., Wellesley, MA},
      YEAR = {1993},
     PAGES = {xxvi+274},
      ISBN = {1-56881-001-6},
   MRCLASS = {55P99 (18G99 55Q40)},
  MRNUMBER = {1213682},
MRREVIEWER = {Paul G. Goerss},
}
@article {AH,
    AUTHOR = {Adams, J. F. and Hilton, P. J.},
     TITLE = {On the chain algebra of a loop space},
   JOURNAL = {Comment. Math. Helv.},
  FJOURNAL = {Commentarii Mathematici Helvetici},
    VOLUME = {30},
      YEAR = {1956},
     PAGES = {305--330},
      ISSN = {0010-2571},
   MRCLASS = {55.0X},
  MRNUMBER = {77929},
MRREVIEWER = {W. S. Massey},
       DOI = {10.1007/BF02564350},
       URL = {https://doi.org/10.1007/BF02564350},
}
@article {BlockLazarev,
    AUTHOR = {Block, J. and Lazarev, A.},
     TITLE = {Andr\'{e}-{Q}uillen cohomology and rational homotopy of function
              spaces},
   JOURNAL = {Adv. Math.},
  FJOURNAL = {Advances in Mathematics},
    VOLUME = {193},
      YEAR = {2005},
    NUMBER = {1},
     PAGES = {18--39},
      ISSN = {0001-8708},
   MRCLASS = {55P62 (19D55)},
  MRNUMBER = {2132759},
MRREVIEWER = {Marc Aubry},
       DOI = {10.1016/j.aim.2004.04.014},
       URL = {https://doi.org/10.1016/j.aim.2004.04.014},
}
@incollection {Boardman,
    AUTHOR = {Boardman, J. Michael},
     TITLE = {Conditionally convergent spectral sequences},
 BOOKTITLE = {Homotopy invariant algebraic structures ({B}altimore, {MD},
              1998)},
    SERIES = {Contemp. Math.},
    VOLUME = {239},
     PAGES = {49--84},
 PUBLISHER = {Amer. Math. Soc., Providence, RI},
      YEAR = {1999},
   MRCLASS = {55T05 (18A30 18G40)},
  MRNUMBER = {1718076},
MRREVIEWER = {John McCleary},
       DOI = {10.1090/conm/239/03597},
       URL = {https://doi.org/10.1090/conm/239/03597},
}
@misc{LodayLoops,
    title={Free loop space and homology},
    author={Jean-Louis Loday},
    year={2011},
    eprint={1110.0405},
    archivePrefix={arXiv},
    primaryClass={math.AT}
}
@book {Baues,
    AUTHOR = {Baues, Hans Joachim},
     TITLE = {Algebraic homotopy},
    SERIES = {Cambridge Studies in Advanced Mathematics},
    VOLUME = {15},
 PUBLISHER = {Cambridge University Press, Cambridge},
      YEAR = {1989},
     PAGES = {xx+466},
      ISBN = {0-521-33376-8},
   MRCLASS = {55P15 (55-02 55Q05)},
  MRNUMBER = {985099},
MRREVIEWER = {Charles A. McGibbon},
       DOI = {10.1017/CBO9780511662522},
       URL = {https://doi.org/10.1017/CBO9780511662522},
}


@article {AdamsSS,
    AUTHOR = {Bousfield, A. K. and Curtis, E. B. and Kan, D. M. and Quillen,
              D. G. and Rector, D. L. and Schlesinger, J. W.},
     TITLE = {The {${\rm mod}-p$} lower central series and the {A}dams
              spectral sequence},
   JOURNAL = {Topology},
  FJOURNAL = {Topology. An International Journal of Mathematics},
    VOLUME = {5},
      YEAR = {1966},
     PAGES = {331--342},
      ISSN = {0040-9383},
   MRCLASS = {55.40},
  MRNUMBER = {199862},
MRREVIEWER = {A. Dold},
       DOI = {10.1016/0040-9383(66)90024-3},
       URL = {https://doi.org/10.1016/0040-9383(66)90024-3},
}


@book {LodVal,
    AUTHOR = {Loday, J.-L. and Vallette, B.},
     TITLE = {Algebraic operads},
    SERIES = {Grundlehren der Mathematischen Wissenschaften [Fundamental
              Principles of Mathematical Sciences]},
    VOLUME = {346},
 PUBLISHER = {Springer, Heidelberg},
      YEAR = {2012},
     PAGES = {xxiv+634},
      ISBN = {978-3-642-30361-6},
   MRCLASS = {18D50 (16E99)},
  MRNUMBER = {2954392},
MRREVIEWER = {Andrey Yu. Lazarev},
       DOI = {10.1007/978-3-642-30362-3},
       URL = {https://doi.org/10.1007/978-3-642-30362-3},
}

@Article{Hinich,
  author    = {V. Hinich},
  journal   = {Comm. in Algebra},
  title     = {Homological algebra of homotopy algebras},
  year      = {1997},
  number    = {10},
  pages     = {3291-3323},
  volume    = {25},
  doi       = {10.1080/00927879708826055},
  eprint    = {https://doi.org/10.1080/00927879708826055},
  publisher = {Taylor & Francis},
  url       = {https://doi.org/10.1080/00927879708826055},
}
@misc{BerglundSaleh,
    title={A dg Lie model for relative homotopy automorphisms},
    author={A. Berglund and Bashar Saleh},
    year={2019},
    eprint={1905.01236},
    archivePrefix={arXiv},
    primaryClass={math.AT}
}
@misc{Khoroshkin,
    title={PBW property for associative universal enveloping algebras over an operad},
    author={Anton Khoroshkin},
    year={2018},
    eprint={1807.05873},
    archivePrefix={arXiv},
    primaryClass={math.QA}
}
@book {Felix2001,
    AUTHOR = {F\'{e}lix, Yves and Halperin, Stephen and Thomas, Jean-Claude},
     TITLE = {Rational homotopy theory},
    SERIES = {Graduate Texts in Mathematics},
    VOLUME = {205},
 PUBLISHER = {Springer-Verlag, New York},
      YEAR = {2001},
     PAGES = {xxxiv+535},
      ISBN = {0-387-95068-0},
   MRCLASS = {55P62 (18Gxx 55U35)},
  MRNUMBER = {1802847},
MRREVIEWER = {John F. Oprea},
       DOI = {10.1007/978-1-4613-0105-9},
       URL = {https://doi.org/10.1007/978-1-4613-0105-9},
}

@book {BFMT,
    AUTHOR = {Martin, U.B., Félix, Y., Murillo, A., Tanré, D.},
     TITLE = {Lie Models in Topology},
    SERIES = {Progress in Mathematics},
    VOLUME = {335},
 PUBLISHER = {Birkhäuser Basel},
      YEAR = {2020},
      ISBN = {978-3-030-54429-4},
       URL = {https://www.springer.com/gp/book/9783030544294},
}

@book {RHT2,
    AUTHOR = {F\'{e}lix, Yves and Halperin, Steve and Thomas, Jean-Claude},
     TITLE = {Rational homotopy theory. {II}},
 PUBLISHER = {World Scientific Publishing Co. Pte. Ltd., Hackensack, NJ},
      YEAR = {2015},
     PAGES = {xxxvi+412},
      ISBN = {978-981-4651-42-4},
   MRCLASS = {55P62 (17B70 55M30 55U35)},
  MRNUMBER = {3379890},
       DOI = {10.1142/9473},
       URL = {https://doi.org/10.1142/9473},
}
@article {CohenJones,
    AUTHOR = {Cohen, Ralph L. and Jones, John D. S.},
     TITLE = {A homotopy theoretic realization of string topology},
   JOURNAL = {Math. Ann.},
  FJOURNAL = {Mathematische Annalen},
    VOLUME = {324},
      YEAR = {2002},
    NUMBER = {4},
     PAGES = {773--798},
      ISSN = {0025-5831},
   MRCLASS = {55P43 (55P35 55U35)},
  MRNUMBER = {1942249},
MRREVIEWER = {Alexander A. Voronov},
       DOI = {10.1007/s00208-002-0362-0},
       URL = {https://doi.org/10.1007/s00208-002-0362-0},
}

@incollection {Cohenloops,
    AUTHOR = {Cohen, Ralph L. and Jones, John D. S. and Yan, Jun},
     TITLE = {The loop homology algebra of spheres and projective spaces},
 BOOKTITLE = {Categorical decomposition techniques in algebraic topology
              ({I}sle of {S}kye, 2001)},
    SERIES = {Progr. Math.},
    VOLUME = {215},
     PAGES = {77--92},
 PUBLISHER = {Birkh\"{a}user, Basel},
      YEAR = {2004},
   MRCLASS = {55P35 (55R20)},
  MRNUMBER = {2039760},
MRREVIEWER = {R. M. Vogt},
}
@article {FMT,
    AUTHOR = {F\'{e}lix, Yves and Menichi, Luc and Thomas, Jean-Claude},
     TITLE = {Gerstenhaber duality in {H}ochschild cohomology},
   JOURNAL = {J. Pure Appl. Algebra},
  FJOURNAL = {Journal of Pure and Applied Algebra},
    VOLUME = {199},
      YEAR = {2005},
    NUMBER = {1-3},
     PAGES = {43--59},
      ISSN = {0022-4049},
   MRCLASS = {16E40 (16E45 55P35 57T30)},
  MRNUMBER = {2134291},
MRREVIEWER = {Beno\^{\i}t Fresse},
       DOI = {10.1016/j.jpaa.2004.11.004},
       URL = {https://doi.org/10.1016/j.jpaa.2004.11.004},
}

@article {Fel10,
    AUTHOR = {F\'{e}lix, Yves and Lupton, Gregory and Smith, Samuel B.},
     TITLE = {The rational homotopy type of the space of self-equivalences
              of a fibration},
   JOURNAL = {Homology Homotopy Appl.},
  FJOURNAL = {Homology, Homotopy and Applications},
    VOLUME = {12},
      YEAR = {2010},
    NUMBER = {2},
     PAGES = {371--400},
      ISSN = {1532-0073},
   MRCLASS = {55P62 (55P10 55Q15)},
  MRNUMBER = {2771595},
MRREVIEWER = {Andrey Yu. Lazarev},
       URL = {http://projecteuclid.org/euclid.hha/1296223888},
}
@article {String,
    AUTHOR = {F\'{e}lix, Yves and Thomas, Jean-Claude and Vigu\'{e}-Poirrier,
              Micheline},
     TITLE = {Rational string topology},
   JOURNAL = {J. Eur. Math. Soc. (JEMS)},
  FJOURNAL = {Journal of the European Mathematical Society (JEMS)},
    VOLUME = {9},
      YEAR = {2007},
    NUMBER = {1},
     PAGES = {123--156},
      ISSN = {1435-9855},
   MRCLASS = {55N45 (16E40 19D55 55P35 55P62)},
  MRNUMBER = {2283106},
MRREVIEWER = {David Chataur},
       DOI = {10.4171/jems/75},
       URL = {https://doi.org/10.4171/jems/75},
}
@article {FranPir,
    AUTHOR = {Franjou, Vincent and Pirashvili, Teimuraz},
     TITLE = {On the {M}ac {L}ane cohomology for the ring of integers},
   JOURNAL = {Topology},
  FJOURNAL = {Topology. An International Journal of Mathematics},
    VOLUME = {37},
      YEAR = {1998},
    NUMBER = {1},
     PAGES = {109--114},
      ISSN = {0040-9383},
   MRCLASS = {19D55 (18G60 55P20)},
  MRNUMBER = {1480880},
MRREVIEWER = {Dominique Arlettaz},
       DOI = {10.1016/S0040-9383(97)00005-0},
       URL = {https://doi.org/10.1016/S0040-9383(97)00005-0},
}
@article {SchStash,
    AUTHOR = {Schlessinger, Michael and Stasheff, James},
     TITLE = {The {L}ie algebra structure of tangent cohomology and
              deformation theory},
   JOURNAL = {J. Pure Appl. Algebra},
  FJOURNAL = {Journal of Pure and Applied Algebra},
    VOLUME = {38},
      YEAR = {1985},
    NUMBER = {2-3},
     PAGES = {313--322},
      ISSN = {0022-4049},
   MRCLASS = {13D03 (13D10 17B45 55S30)},
  MRNUMBER = {814187},
MRREVIEWER = {E. J. Taft},
       DOI = {10.1016/0022-4049(85)90019-2},
       URL = {https://doi.org/10.1016/0022-4049(85)90019-2},
}
@book {Tammo,
    AUTHOR = {tom Dieck, Tammo},
     TITLE = {Algebraic topology},
    SERIES = {EMS Textbooks in Mathematics},
 PUBLISHER = {European Mathematical Society (EMS), Z\"{u}rich},
      YEAR = {2008},
     PAGES = {xii+567},
      ISBN = {978-3-03719-048-7},
   MRCLASS = {55-01},
  MRNUMBER = {2456045},
MRREVIEWER = {Donald M. Davis},
       DOI = {10.4171/048},
       URL = {https://doi.org/10.4171/048},
}

@article {Shamir,
    AUTHOR = {Shamir, Shoham},
     TITLE = {A spectral sequence for the {H}ochschild cohomology of a
              coconnective {DGA}},
   JOURNAL = {Math. Scand.},
  FJOURNAL = {Mathematica Scandinavica},
    VOLUME = {112},
      YEAR = {2013},
    NUMBER = {2},
     PAGES = {182--215},
      ISSN = {0025-5521},
   MRCLASS = {18G30 (16E40 55N35)},
  MRNUMBER = {3073454},
MRREVIEWER = {Zhong Kui Liu},
       DOI = {10.7146/math.scand.a-15240},
       URL = {https://doi.org/10.7146/math.scand.a-15240},
}
@book {Rezk,
    AUTHOR = {Rezk, Charles W.},
     TITLE = {Spaces of algebra structures and cohomology of operads},
      NOTE = {Thesis (Ph.D.)--Massachusetts Institute of Technology},
 PUBLISHER = {ProQuest LLC, Ann Arbor, MI},
      YEAR = {1996},
     PAGES = {(no paging)},
   MRCLASS = {Thesis},
  MRNUMBER = {2716655},
       URL =
              {http://gateway.proquest.com/openurl?url_ver=Z39.88-2004&rft_val_fmt=info:ofi/fmt:kev:mtx:dissertation&res_dat=xri:pqdiss&rft_dat=xri:pqdiss:0597474},
}

@InCollection{Porter1995,
  author     = {Porter, T.},
  booktitle  = {Handbook of algebraic topology},
  publisher  = {North-Holland, Amsterdam},
  title      = {Proper homotopy theory},
  year       = {1995},
  pages      = {127--167},
  doi        = {10.1016/B978-044481779-2/50004-3},
  mrclass    = {55P55},
  mrnumber   = {1361888},
  mrreviewer = {Harold Hastings},
  url        = {https://doi.org/10.1016/B978-044481779-2/50004-3},
}

@Article{Buijs2008,
  author     = {Buijs, U. and Murillo, A.},
  journal    = {Comment. Math. Helv.},
  title      = {The rational homotopy {L}ie algebra of function spaces},
  year       = {2008},
  issn       = {0010-2571},
  number     = {4},
  pages      = {723--739},
  volume     = {83},
  doi        = {10.4171/CMH/141},
  fjournal   = {Commentarii Mathematici Helvetici. A Journal of the Swiss Mathematical Society},
  mrclass    = {55P62 (54C35 55Q15)},
  mrnumber   = {2442961},
  mrreviewer = {Yves F\'{e}lix},
  url        = {https://doi.org/10.4171/CMH/141},
}

@Article{Doubek2007,
  author     = {Doubek, M. and Markl, M. and Zima, P.},
  journal    = {Arch. Math. (Brno)},
  title      = {Deformation theory (lecture notes)},
  year       = {2007},
  issn       = {0044-8753},
  number     = {5},
  pages      = {333--371},
  volume     = {43},
  fjournal   = {Universitatis Masarykianae Brunensis. Facultas Scientiarum Naturalium. Archivum Mathematicum},
  mrclass    = {16S80 (16E40 53D55)},
  mrnumber   = {2381782},
  mrreviewer = {Mary Schaps},
}

@Misc{Dotsenko2018,
  author        = {V. Dotsenko and S. Shadrin and B. Vallette},
  title         = {The Twisting Procedure},
  year          = {2018},
  archiveprefix = {arXiv},
  eprint        = {1810.02941},
  primaryclass  = {math.QA},
}

@Article{Fox1993,
  author   = {T. F. Fox},
  journal  = {Journal of Pure and Applied Algebra},
  title    = {An introduction to algebraic deformation theory},
  year     = {1993},
  issn     = {0022-4049},
  number   = {1},
  pages    = {17 - 41},
  volume   = {84},
  abstract = {Algebraic deformation theory is primarily concerned with the interplay between homological algebra and the perturbations of algebraic structures. We here offer a self-contained introduction to the subject, first describing the classical theory of deformations of associative algebras, then passing to the general case of algebras, coalgebras, and bialgebras defined by triples and cotriples.},
  doi      = {https://doi.org/10.1016/0022-4049(93)90160-U},
  url      = {http://www.sciencedirect.com/science/article/pii/002240499390160U},
}

@Article{Hinich2003,
  author     = {Hinich, V.},
  journal    = {Forum Math.},
  title      = {Tamarkin's proof of {K}ontsevich formality theorem},
  year       = {2003},
  issn       = {0933-7741},
  number     = {4},
  pages      = {591--614},
  volume     = {15},
  doi        = {10.1515/form.2003.032},
  fjournal   = {Forum Mathematicum},
  mrclass    = {17B55 (16E40 16S80 18D50 53D55)},
  mrnumber   = {1978336},
  mrreviewer = {J. Stasheff},
  url        = {https://doi.org/10.1515/form.2003.032},
}

@article{Vallette2020,
  doi = {10.5802/aif.3322},
  url = {https://doi.org/10.5802/aif.3322},
  year = {2020},
  publisher = {Cellule {MathDoc}/{CEDRAM}},
  volume = {70},
  number = {2},
  pages = {683--738},
  author = {Bruno Vallette},
  title = {Homotopy theory of homotopy algebras},
  journal = {Annales de l{\textquotesingle}Institut Fourier}
}

@InCollection{Iyengar2007,
  author     = {Iyengar, S.},
  booktitle  = {Interactions between homotopy theory and algebra},
  publisher  = {Amer. Math. Soc., Providence, RI},
  title      = {Andr\'{e}-{Q}uillen homology of commutative algebras},
  year       = {2007},
  pages      = {203--234},
  series     = {Contemp. Math.},
  volume     = {436},
  doi        = {10.1090/conm/436/08410},
  mrclass    = {13D03},
  mrnumber   = {2355775},
  mrreviewer = {Atabey Kaygun},
  url        = {https://doi.org/10.1090/conm/436/08410},
}

@Article{Sullivan1977,
  author     = {Sullivan, D.},
  journal    = {Inst. Hautes \'{E}tudes Sci. Publ. Math.},
  title      = {Infinitesimal computations in topology},
  year       = {1977},
  issn       = {0073-8301},
  number     = {47},
  pages      = {269--331 (1978)},
  fjournal   = {Institut des Hautes \'{E}tudes Scientifiques. Publications Math\'{e}matiques},
  mrclass    = {57D99 (55D99 58A10)},
  mrnumber   = {646078},
  mrreviewer = {J. F. Adams},
  url        = {http://www.numdam.org/item?id=PMIHES_1977__47__269_0},
}

@book {Felix2001,
    AUTHOR = {F\'{e}lix, Yves and Halperin, Stephen and Thomas, Jean-Claude},
     TITLE = {Rational homotopy theory},
    SERIES = {Graduate Texts in Mathematics},
    VOLUME = {205},
 PUBLISHER = {Springer-Verlag, New York},
      YEAR = {2001},
     PAGES = {xxxiv+535},
      ISBN = {0-387-95068-0},
   MRCLASS = {55P62 (18Gxx 55U35)},
  MRNUMBER = {1802847},
MRREVIEWER = {John F. Oprea},
       DOI = {10.1007/978-1-4613-0105-9},
       URL = {https://doi.org/10.1007/978-1-4613-0105-9},
}
@book {Quillen1967,
    AUTHOR = {Quillen, D. G.},
     TITLE = {Homotopical algebra},
    SERIES = {Lecture Notes in Mathematics, No. 43},
 PUBLISHER = {Springer-Verlag, Berlin-New York},
      YEAR = {1967},
     PAGES = {iv+156 pp. (not consecutively paged)},
   MRCLASS = {18.20 (55.00)},
  MRNUMBER = {0223432},
MRREVIEWER = {A. K. Bousfield},
}

@Article{Stasheff1993,
  author   = {Stasheff, J.},
  journal  = {J. Pure Appl. Algebra},
  title    = {The intrinsic bracket on the deformation complex of an associative algebra},
  year     = {1993},
  issn     = {0022-4049},
  number   = {1-2},
  pages    = {231--235},
  volume   = {89},
  doi      = {10.1016/0022-4049(93)90096-C},
  fjournal = {Journal of Pure and Applied Algebra},
  mrclass  = {16S80},
  mrnumber = {1239562},
  url      = {https://doi.org/10.1016/0022-4049(93)90096-C},
}

@Article{Porter2013,
  author     = {Porter, T.},
  journal    = {Ann. Fac. Sci. Toulouse Math. (6)},
  title      = {Variations on a theme of homotopy},
  year       = {2013},
  issn       = {0240-2963},
  number     = {5},
  pages      = {1045--1089},
  volume     = {22},
  doi        = {10.5802/afst.1395},
  fjournal   = {Annales de la Facult\'{e} des Sciences de Toulouse. Math\'{e}matiques. S\'{e}rie 6},
  mrclass    = {55U40 (55N05 55P55 55P57)},
  mrnumber   = {3154586},
  mrreviewer = {John McCleary},
  url        = {https://doi.org/10.5802/afst.1395},
}

@Book{Baues2001,
  author     = {Baues, H.-J. and Quintero, A.},
  publisher  = {Kluwer Academic Publishers, Dordrecht},
  title      = {Infinite homotopy theory},
  year       = {2001},
  isbn       = {0-7923-6982-3},
  series     = {$K$-Monographs in Mathematics},
  volume     = {6},
  doi        = {10.1007/978-94-009-0007-3},
  mrclass    = {55P57 (18G55 19J10 55P30)},
  mrnumber   = {1848146},
  mrreviewer = {Kathryn P. Hess},
  pages      = {viii+296},
  url        = {https://doi.org/10.1007/978-94-009-0007-3},
}

@Misc{Griffin2014,
  author        = {J. Griffin},
  title         = {Operadic comodules and (co)homology theories},
  year          = {2014},
  archiveprefix = {arXiv},
  eprint        = {1403.4831},
  primaryclass  = {math.RA},
}
@article{Chevalley1948,
  doi = {10.1090/s0002-9947-1948-0024908-8},
  url = {https://doi.org/10.1090/s0002-9947-1948-0024908-8},
  year = {1948},
  month = jan,
  publisher = {American Mathematical Society ({AMS})},
  volume = {63},
  number = {1},
  pages = {85--85},
  author = {C. Chevalley and S. Eilenberg},
  title = {Cohomology theory of Lie groups and Lie algebras},
  journal = {Transactions of the American Mathematical Society}
}

@Article{Harrison1962,
  author     = {Harrison, D. K.},
  journal    = {Trans. Amer. Math. Soc.},
  title      = {Commutative algebras and cohomology},
  year       = {1962},
  issn       = {0002-9947},
  pages      = {191--204},
  volume     = {104},
  doi        = {10.2307/1993575},
  fjournal   = {Transactions of the American Mathematical Society},
  mrclass    = {13.90},
  mrnumber   = {142607},
  mrreviewer = {J. Gu\'{e}rindon},
  url        = {https://doi.org/10.2307/1993575},
}

@Article{Hochschild1947,
  author     = {Hochschild, G.},
  journal    = {Duke Math. J.},
  title      = {Cohomology and representations of associative algebras},
  year       = {1947},
  issn       = {0012-7094},
  pages      = {921--948},
  volume     = {14},
  fjournal   = {Duke Mathematical Journal},
  mrclass    = {09.0X},
  mrnumber   = {22842},
  mrreviewer = {R. Baer},
  url        = {http://projecteuclid.org/euclid.dmj/1077474484},
}

@Misc{Calaque2019,
  author        = {D. Calaque and R. Campos and J. Nuiten},
  title         = {Moduli problems for operadic algebras},
  year          = {2019},
  archiveprefix = {arXiv},
  eprint        = {1912.13495},
  primaryclass  = {math.AT},
}

@Article{Neisendorfer2017,
  author     = {Neisendorfer, J. A.},
  journal    = {J. Homotopy Relat. Struct.},
  title      = {What is loop multiplication anyhow?},
  year       = {2017},
  issn       = {2193-8407},
  number     = {3},
  pages      = {659--690},
  volume     = {12},
  doi        = {10.1007/s40062-016-0141-3},
  fjournal   = {Journal of Homotopy and Related Structures},
  mrclass    = {55P35 (55P62 55Q15 55Q40 57T30)},
  mrnumber   = {3691300},
  mrreviewer = {Mark Grant},
  url        = {https://doi.org/10.1007/s40062-016-0141-3},
}

@Misc{Mescher2016,
  author        = {S. Mescher},
  title         = {A primer on A-infinity-algebras and their Hochschild homology},
  year          = {2016},
  archiveprefix = {arXiv},
  eprint        = {1601.03963},
  primaryclass  = {math.RA},
}
@article{Meier2011,
  doi = {10.2140/agt.2011.11.2829},
  url = {https://doi.org/10.2140/agt.2011.11.2829},
  year = {2011},
  month = oct,
  publisher = {Mathematical Sciences Publishers},
  volume = {11},
  number = {5},
  pages = {2829--2860},
  author = {L. Meier},
  title = {Spectral sequences in string topology},
  journal = {Algebraic {\&} Geometric Topology}
}

@Article{Stasheff1963,
  author     = {Stasheff, J.},
  journal    = {Topology},
  title      = {A classification theorem for fibre spaces},
  year       = {1963},
  issn       = {0040-9383},
  pages      = {239--246},
  volume     = {2},
  doi        = {10.1016/0040-9383(63)90006-5},
  fjournal   = {Topology. An International Journal of Mathematics},
  mrclass    = {55.50},
  mrnumber   = {154286},
  mrreviewer = {E. Fadell},
  url        = {https://doi.org/10.1016/0040-9383(63)90006-5},
}

@Article{May1975,
  author     = {May, J. P.},
  journal    = {Mem. Amer. Math. Soc.},
  title      = {Classifying spaces and fibrations},
  year       = {1975},
  issn       = {0065-9266},
  number     = {1, no, 1, no. 155},
  pages      = {xiii+98},
  volume     = {1},
  doi        = {10.1090/memo/0155},
  fjournal   = {Memoirs of the American Mathematical Society},
  mrclass    = {55F15 (57F20)},
  mrnumber   = {370579},
  mrreviewer = {Harold Hastings},
  url        = {https://doi.org/10.1090/memo/0155},
}

@Article{Blomgren2015,
  author     = {Blomgren, M. and Chach\'{o}lski, W.},
  journal    = {Trans. Amer. Math. Soc.},
  title      = {On the classification of fibrations},
  year       = {2015},
  issn       = {0002-9947},
  number     = {1},
  pages      = {519--557},
  volume     = {367},
  doi        = {10.1090/S0002-9947-2014-06142-4},
  fjournal   = {Transactions of the American Mathematical Society},
  mrclass    = {55U35 (18G55 55R15)},
  mrnumber   = {3271269},
  mrreviewer = {Philippe Gaucher},
  url        = {https://doi.org/10.1090/S0002-9947-2014-06142-4},
}

@Book{Felix2008,
  author     = {F\'{e}lix, Y. and Oprea, J. and Tanr\'{e}, D.},
  publisher  = {Oxford University Press, Oxford},
  title      = {Algebraic models in geometry},
  year       = {2008},
  isbn       = {978-0-19-920651-3},
  series     = {Oxford Graduate Texts in Mathematics},
  volume     = {17},
  mrclass    = {55P62 (53-02 53C22 53D35 55-02)},
  mrnumber   = {2403898},
  mrreviewer = {Samuel B. Smith},
  pages      = {xxii+460},
}

@Article{Berglund2020,
  author    = {A. {Berglund}},
  journal   = {{Doc. Math.}},
  title     = {{Rational models for automorphisms of fiber bundles.}},
  year      = {2020},
  issn      = {1431-0635; 1431-0643/e},
  pages     = {239--265},
  volume    = {25},
  fjournal  = {{Documenta Mathematica}},
  language  = {English},
  msc2010   = {55P62 55R10},
  publisher = {Deutsche Mathematiker-Vereinigung, Berlin},
}

@Article{Wang2017,
  author     = {Wang, B. and Yao, Y. and Ye, Y.},
  journal    = {Appl. Categ. Structures},
  title      = {The characteristic morphism of an algebra},
  year       = {2017},
  issn       = {0927-2852},
  number     = {6},
  pages      = {971--990},
  volume     = {25},
  doi        = {10.1007/s10485-016-9437-z},
  fjournal   = {Applied Categorical Structures. A Journal Devoted to Applications of Categorical Methods in Algebra, Analysis, Order, Topology and Computer Science},
  mrclass    = {16E40 (16E35 16G20)},
  mrnumber   = {3720397},
  mrreviewer = {Katsunori Sanada},
  url        = {https://doi.org/10.1007/s10485-016-9437-z},
}

@Book{Backelin1999,
  author       = {J. Backelin and S. Cojocaru and V. Ufnarovski},
  publisher    = {Centre for Mathematical Sciences, Lund University},
  title        = {The Gröbner basis calculator bergman},
  year         = {1999},
  address      = {Box 118, SE-221 00 Lund, Sweden},
  isbn         = {91-631-7203-8},
  howpublished = {\url{http://servus.math.su.se/bergman/}},
}

@Article{Wu2001,
  author     = {Wu, Q.-S. and Zhang, J. J.},
  journal    = {J. Algebra},
  title      = {Dualizing complexes over noncommutative local rings},
  year       = {2001},
  issn       = {0021-8693},
  number     = {2},
  pages      = {513--548},
  volume     = {239},
  doi        = {10.1006/jabr.2000.8689},
  fjournal   = {Journal of Algebra},
  mrclass    = {16E05 (16E30)},
  mrnumber   = {1832904},
  mrreviewer = {Peter J\o rgensen},
  url        = {https://doi.org/10.1006/jabr.2000.8689},
}

@InProceedings{Nagase2011,
  author    = {Nagase, H.},
  booktitle = {Proceedings of the 43rd {S}ymposium on {R}ing {T}heory and {R}epresentation {T}heory},
  title     = {Hochschild cohomology and {G}orenstein {N}akayama algebras},
  year      = {2011},
  pages     = {37--41},
  publisher = {Symp. Ring Theory Represent. Theory Organ. Comm., Soja},
  mrclass   = {16E40 (16E30)},
  mrnumber  = {2808393},
}

@Article{Furuya2011,
  author     = {Furuya, T. and Snashall, N.},
  journal    = {Comm. Algebra},
  title      = {Support varieties for modules over stacked monomial algebras},
  year       = {2011},
  issn       = {0092-7872},
  number     = {8},
  pages      = {2926--2942},
  volume     = {39},
  doi        = {10.1080/00927872.2010.498395},
  fjournal   = {Communications in Algebra},
  mrclass    = {16E40 (16S37)},
  mrnumber   = {2834139},
  mrreviewer = {Karin Erdmann},
  url        = {https://doi.org/10.1080/00927872.2010.498395},
}

@Article{Briggs2017,
  author        = {{Briggs}, B. and {Gelinas}, V.},
  journal       = {arXiv e-prints},
  title         = {{The A-infinity Centre of the Yoneda Algebra and the Characteristic Action of Hochschild Cohomology on the Derived Category}},
  year          = {2017},
  month         = {Feb},
  pages         = {arXiv:1702.00721},
  adsnote       = {Provided by the SAO/NASA Astrophysics Data System},
  adsurl        = {https://ui.adsabs.harvard.edu/abs/2017arXiv170200721B},
  archiveprefix = {arXiv},
  eid           = {arXiv:1702.00721},
  eprint        = {1702.00721},
  keywords      = {Mathematics - Representation Theory, Mathematics - Algebraic Topology, 16E40, 16E45, 55P35, 55P50},
  primaryclass  = {math.RT},
}

@Article{Green2017,
  author        = {{Green}, E. L., Hille, L. and Schroll, S.},
  journal       = {arXiv e-prints},
  title         = {{Algebras and varieties}},
  year          = {2017},
  month         = {Jul},
  pages         = {arXiv:1707.07877},
  adsnote       = {Provided by the SAO/NASA Astrophysics Data System},
  archiveprefix = {arXiv},
  eid           = {arXiv:1707.07877},
  eprint        = {1707.07877},
  primaryclass  = {math.RT},
}

@Article{Chuang2012,
  author        = {Chuang, J. and King, A.},
  journal       = {arXiv e-prints},
  title         = {{Free resolutions of algebras}},
  year          = {2012},
  month         = {Oct},
  pages         = {arXiv:1210.5438},
  archiveprefix = {arXiv},
  eid           = {arXiv:1210.5438},
  eprint        = {1210.5438},
  primaryclass  = {math.RA},
}

@Article{Herscovich2018,
  author     = {Herscovich, E.},
  journal    = {Homology Homotopy Appl.},
  title      = {Using torsion theory to compute the algebraic structure of {H}ochschild (co)homology},
  year       = {2018},
  issn       = {1532-0073},
  number     = {1},
  pages      = {117--139},
  volume     = {20},
  doi        = {10.4310/HHA.2018.v20.n1.a8},
  fjournal   = {Homology, Homotopy and Applications},
  mrclass    = {16E40 (16E45 16S37 16W50 18G55)},
  mrnumber   = {3775352},
  mrreviewer = {Srikanth B. Iyengar},
  url        = {https://doi.org/10.4310/HHA.2018.v20.n1.a8},
}

@Article{Erdmann2004,
  author     = {Erdmann, K. and Holloway, M. and Taillefer, R. and Snashall, N. and Solberg, Ø.},
  journal    = {$K$-Theory},
  title      = {Support varieties for selfinjective algebras},
  year       = {2004},
  issn       = {0920-3036},
  number     = {1},
  pages      = {67--87},
  volume     = {33},
  doi        = {10.1007/s10977-004-0838-7},
  fjournal   = {$K$-Theory. An Interdisciplinary Journal for the Development, Application, and Influence of $K$-Theory in the Mathematical Sciences},
  mrclass    = {16E40 (16G10)},
  mrnumber   = {2199789},
  mrreviewer = {Juan Carlos Bustamante},
  url        = {https://doi.org/10.1007/s10977-004-0838-7},
}

@InCollection{Schroll2018,
  author     = {Schroll, S.},
  booktitle  = {Homological methods, representation theory, and cluster algebras},
  publisher  = {Springer, Cham},
  title      = {Brauer graph algebras: a survey on {B}rauer graph algebras, associated gentle algebras and their connections to cluster theory},
  year       = {2018},
  pages      = {177--223},
  series     = {CRM Short Courses},
  mrclass    = {16G20 (05E18 13F60)},
  mrnumber   = {3823391},
  mrreviewer = {Stanis\l aw Kasjan},
}

@Article{BakkeBuan2017,
  author        = {{Bakke Buan}, A. and {Krause}, H. and {Snashall}, N. and {Solberg}, Ø.},
  journal       = {arXiv e-prints},
  title         = {Support varieties - an axiomatic approach},
  year          = {2017},
  month         = Oct,
  pages         = {arXiv:1710.08685},
  adsnote       = {Provided by the SAO/NASA Astrophysics Data System},
  adsurl        = {https://ui.adsabs.harvard.edu/\#abs/2017arXiv171008685B},
  archiveprefix = {arXiv},
  eid           = {arXiv:1710.08685},
  eprint        = {1710.08685},
  keywords      = {Mathematics - K-Theory and Homology, Mathematics - Category Theory, Mathematics - Representation Theory},
  primaryclass  = {math.KT},
}

@InProceedings{Snashall2009,
  author     = {Snashall, N.},
  booktitle  = {Proceedings of the 41st {S}ymposium on {R}ing {T}heory and {R}epresentation {T}heory},
  title      = {Support varieties and the {H}ochschild cohomology ring modulo nilpotence},
  year       = {2009},
  pages      = {68--82},
  publisher  = {Symp. Ring Theory Represent. Theory Organ. Comm., Tsukuba},
  mrclass    = {16E40},
  mrnumber   = {2512413},
  mrreviewer = {Juan Carlos Bustamante},
}

@Article{Chen2018,
  author     = {Chen, X.-W. and Shen, D. and Zhou, G.},
  journal    = {Proc. Roy. Soc. Edinburgh Sect. A},
  title      = {The {G}orenstein-projective modules over a monomial algebra},
  year       = {2018},
  issn       = {0308-2105},
  number     = {6},
  pages      = {1115--1134},
  volume     = {148},
  doi        = {10.1017/S0308210518000185},
  fjournal   = {Proceedings of the Royal Society of Edinburgh. Section A. Mathematics},
  mrclass    = {16E65 (16G10 18G25)},
  mrnumber   = {3869172},
  mrreviewer = {George Ciprian Modoi},
  url        = {https://doi.org/10.1017/S0308210518000185},
}

@InCollection{Geis2005,
  author     = {Gei\ss , Ch. and Reiten, I.},
  booktitle  = {Representations of algebras and related topics},
  publisher  = {Amer. Math. Soc., Providence, RI},
  title      = {Gentle algebras are {G}orenstein},
  year       = {2005},
  pages      = {129--133},
  series     = {Fields Inst. Commun.},
  volume     = {45},
  mrclass    = {16E65 (16E10 16G10 18E30)},
  mrnumber   = {2146244},
  mrreviewer = {Sergio Estrada-Dominguez},
}

@Article{Bergh2015,
  author     = {Bergh, P. A. and Oppermann, S. and Jorgensen, D. A.},
  journal    = {Q. J. Math.},
  title      = {The {G}orenstein defect category},
  year       = {2015},
  issn       = {0033-5606},
  number     = {2},
  pages      = {459--471},
  volume     = {66},
  doi        = {10.1093/qmath/hav001},
  fjournal   = {The Quarterly Journal of Mathematics},
  mrclass    = {16E35 (13D09 16E65 16G10)},
  mrnumber   = {3356832},
  mrreviewer = {Zhaoyong Huang},
  url        = {https://doi.org/10.1093/qmath/hav001},
}

@Article{Anick1987,
  author     = {Anick, D. J. and Green, E. L.},
  journal    = {Comm. Algebra},
  title      = {On the homology of quotients of path algebras},
  year       = {1987},
  issn       = {0092-7872},
  number     = {1-2},
  pages      = {309--341},
  volume     = {15},
  doi        = {10.1080/00927878708823422},
  fjournal   = {Communications in Algebra},
  mrclass    = {16A62 (16A46)},
  mrnumber   = {876982},
  mrreviewer = {Christine Riedtmann},
  url        = {https://doi.org/10.1080/00927878708823422},
}

@Article{Govorov1973,
  author     = {Govorov, V. E.},
  journal    = {Mat. Zametki},
  title      = {The global dimension of algebras},
  year       = {1973},
  issn       = {0025-567X},
  pages      = {399--406},
  volume     = {14},
  fjournal   = {Akademiya Nauk SSSR. Matematicheskie Zametki},
  mrclass    = {16A60},
  mrnumber   = {0330225},
  mrreviewer = {E. Enochs},
}

@Article{Bongartz1983,
  author     = {Bongartz, K.},
  journal    = {J. London Math. Soc. (2)},
  title      = {Algebras and quadratic forms},
  year       = {1983},
  issn       = {0024-6107},
  number     = {3},
  pages      = {461--469},
  volume     = {28},
  doi        = {10.1112/jlms/s2-28.3.461},
  fjournal   = {Journal of the London Mathematical Society. Second Series},
  mrclass    = {16A64 (16A46)},
  mrnumber   = {724715},
  mrreviewer = {Sheila Brenner},
  url        = {https://doi.org/10.1112/jlms/s2-28.3.461},
}

@Article{Gruenberg1968,
  author     = {Gruenberg, K. W.},
  journal    = {J. London Math. Soc.},
  title      = {The universal coefficient theorem in the cohomology of groups},
  year       = {1968},
  issn       = {0024-6107},
  pages      = {239--241},
  volume     = {43},
  doi        = {10.1112/jlms/s1-43.1.239},
  fjournal   = {Journal of the London Mathematical Society. Second Series},
  mrclass    = {18.20 (20.00)},
  mrnumber   = {0224676},
  mrreviewer = {J. Knopfmacher},
  url        = {https://doi.org/10.1112/jlms/s1-43.1.239},
}

@Article{Iyudu2016,
  author  = {Iyudu, N.},
  journal = {Preprints IHES},
  title   = {On the proof of the homology conjecture for monomial non-unital algebras},
  year    = {2016},
  volume  = {IHES/M/16/15},
  url     = {http://preprints.ihes.fr/2016/M/M-16-15.pdf},
}

@Article{Green2006,
  author     = {Green, E. L. and Snashall, N.},
  journal    = {Colloq. Math.},
  title      = {The {H}ochschild cohomology ring modulo nilpotence of a stacked monomial algebra},
  year       = {2006},
  issn       = {0010-1354},
  number     = {2},
  pages      = {233--258},
  volume     = {105},
  doi        = {10.4064/cm105-2-6},
  fjournal   = {Colloquium Mathematicum},
  mrclass    = {16E40 (16G20)},
  mrnumber   = {2237910},
  mrreviewer = {Claude Cibils},
  url        = {https://doi.org/10.4064/cm105-2-6},
}

@Article{Green1994,
  author     = {Green, E. L. and Zacharia, D.},
  journal    = {Manuscripta Math.},
  title      = {The cohomology ring of a monomial algebra},
  year       = {1994},
  issn       = {0025-2611},
  number     = {1},
  pages      = {11--23},
  volume     = {85},
  doi        = {10.1007/BF02568180},
  fjournal   = {Manuscripta Mathematica},
  mrclass    = {16E40 (16G20)},
  mrnumber   = {1299044},
  mrreviewer = {Karin Erdmann},
  url        = {https://doi.org/10.1007/BF02568180},
}

@InCollection{Ufnarovskij1995,
  author    = {Ufnarovskij, V. A.},
  booktitle = {Algebra, {VI}},
  publisher = {Springer, Berlin},
  title     = {Combinatorial and asymptotic methods in algebra [ {MR}1060321 (92h:16024)]},
  year      = {1995},
  pages     = {1--196},
  series    = {Encyclopaedia Math. Sci.},
  volume    = {57},
  doi       = {10.1007/978-3-662-06292-0_1},
  mrclass   = {16S15 (13D40 16P90 16W50)},
  mrnumber  = {1360005},
  url       = {https://doi.org/10.1007/978-3-662-06292-0_1},
}

@Article{Herscovich2018a,
  author  = {Herscovich, E.},
  journal = {Preprint},
  title   = {A simple note on the {Y}oneda (co)algebra of a monomial algebra},
  year    = {2018},
  url     = {https://www-fourier.ujf-grenoble.fr/~eherscov/Articles/A-simple-note-on-Yoneda-algebra-of-monomial-algebra.pdf},
}

@Article{Conner2011,
  author     = {Conner, A. and Goetz, P.},
  journal    = {J. Algebra},
  title      = {{$A_\infty$}-algebra structures associated to {$\mathcal{K}_2$} algebras},
  year       = {2011},
  issn       = {0021-8693},
  pages      = {63--81},
  volume     = {337},
  doi        = {10.1016/j.jalgebra.2011.04.031},
  fjournal   = {Journal of Algebra},
  mrclass    = {16E45 (16S37)},
  mrnumber   = {2796064},
  mrreviewer = {Thomas Cassidy},
  url        = {https://doi.org/10.1016/j.jalgebra.2011.04.031},
}

@Article{Erdmann2011,
  author     = {Erdmann, K. and Solberg, Ø.},
  journal    = {J. Pure Appl. Algebra},
  title      = {Radical cube zero weakly symmetric algebras and support varieties},
  year       = {2011},
  issn       = {0022-4049},
  number     = {2},
  pages      = {185--200},
  volume     = {215},
  doi        = {10.1016/j.jpaa.2010.04.012},
  fjournal   = {Journal of Pure and Applied Algebra},
  mrclass    = {16E40 (16P20)},
  mrnumber   = {2720683},
  mrreviewer = {Petter Andreas Bergh},
  url        = {https://doi.org/10.1016/j.jpaa.2010.04.012},
}

@Article{Proute2011,
  author     = {Prout\'{e}, A.},
  journal    = {Repr. Theory Appl. Categ.},
  title      = {{$A_\infty$}-structures. {M}od\`eles minimaux de {B}aues-{L}emaire et {K}adeishvili et homologie des fibrations},
  year       = {2011},
  note       = {Reprint of the 1986 original, With a preface to the reprint by Jean-Louis Loday},
  number     = {21},
  pages      = {1--99},
  fjournal   = {Reprints in Theory and Applications of Categories},
  mrclass    = {55R10 (55R20 57T30)},
  mrnumber   = {2844537},
  mrreviewer = {Adrian C. Albu},
}

@Article{Lu2009,
  author     = {Lu, D.-M. and Palmieri, J. H. and Wu, Q.-S. and Zhang, J. J.},
  journal    = {J. Pure Appl. Algebra},
  title      = {{$A$}-infinity structure on {E}xt-algebras},
  year       = {2009},
  issn       = {0022-4049},
  number     = {11},
  pages      = {2017--2037},
  volume     = {213},
  doi        = {10.1016/j.jpaa.2009.02.006},
  fjournal   = {Journal of Pure and Applied Algebra},
  mrclass    = {16E45 (18G15)},
  mrnumber   = {2533303},
  mrreviewer = {Mikael Vejdemo Johansson},
  url        = {https://doi.org/10.1016/j.jpaa.2009.02.006},
}

@Article{Evens1961,
  author   = {Evens, L.},
  journal  = {Trans. Amer. Math. Soc.},
  title    = {The cohomology ring of a finite group},
  year     = {1961},
  issn     = {0002-9947},
  pages    = {224--239},
  volume   = {101},
  doi      = {10.2307/1993372},
  fjournal = {Transactions of the American Mathematical Society},
  mrclass  = {18.20},
  mrnumber = {137742},
  url      = {https://doi.org/10.2307/1993372},
}

@Article{Venkov1959,
  author     = {Venkov, B. B.},
  journal    = {Dokl. Akad. Nauk SSSR},
  title      = {Cohomology algebras for some classifying spaces},
  year       = {1959},
  issn       = {0002-3264},
  pages      = {943--944},
  volume     = {127},
  fjournal   = {Doklady Akademii Nauk SSSR},
  mrclass    = {55.00 (22.00)},
  mrnumber   = {0108788},
  mrreviewer = {P. J. Hilton},
}

@Article{Golod1959,
  author     = {Golod, E.},
  journal    = {Dokl. Akad. Nauk SSSR},
  title      = {The cohomology ring of a finite {$p$}-group},
  year       = {1959},
  issn       = {0002-3264},
  pages      = {703--706},
  volume     = {125},
  fjournal   = {Doklady Akademii Nauk SSSR},
  mrclass    = {18.00 (20.00)},
  mrnumber   = {0104720},
  mrreviewer = {K. A. Hirsch},
}

@Article{Snashall2004,
  author     = {Snashall, N. and Solberg, Ø.},
  journal    = {Proc. London Math. Soc. (3)},
  title      = {Support varieties and {H}ochschild cohomology rings},
  year       = {2004},
  issn       = {0024-6115},
  number     = {3},
  pages      = {705--732},
  volume     = {88},
  doi        = {10.1112/S002461150301459X},
  fjournal   = {Proceedings of the London Mathematical Society. Third Series},
  mrclass    = {16E40 (16G10)},
  mrnumber   = {2044054},
  mrreviewer = {C. N\u{a}st\u{a}sescu},
  url        = {https://doi.org/10.1112/S002461150301459X},
}

@Article{Carlson1983,
  author     = {Carlson, J. F.},
  journal    = {J. Algebra},
  title      = {The varieties and the cohomology ring of a module},
  year       = {1983},
  issn       = {0021-8693},
  number     = {1},
  pages      = {104--143},
  volume     = {85},
  doi        = {10.1016/0021-8693(83)90121-7},
  fjournal   = {Journal of Algebra},
  mrclass    = {20C20 (16A26 20J99)},
  mrnumber   = {723070},
  mrreviewer = {I. Reiner},
  url        = {https://doi.org/10.1016/0021-8693(83)90121-7},
}

@Article{Zaks1969,
  author     = {Zaks, Abraham},
  journal    = {J. Algebra},
  title      = {Injective dimension of semi-primary rings},
  year       = {1969},
  issn       = {0021-8693},
  pages      = {73--86},
  volume     = {13},
  doi        = {10.1016/0021-8693(69)90007-6},
  fjournal   = {Journal of Algebra},
  mrclass    = {16.90},
  mrnumber   = {244325},
  mrreviewer = {Alex Rosenberg},
  url        = {https://doi-org.elib.tcd.ie/10.1016/0021-8693(69)90007-6},
}

@Article{Buchweitz1986,
  author  = {Buchweitz, Ragnar-Olaf},
  journal = {Manuscript available via the URL https://tspace.library.utoronto.ca/handle/1807/16682},
  title   = {Maximal {C}ohen-{M}acaulay {M}odules and {T}ate-{C}ohomology {O}ver {G}orenstein {R}ings},
  year    = {1986},
}

@Article{Gulliksen1974,
  author     = {Gulliksen, Tor H.},
  journal    = {Math. Scand.},
  title      = {A change of ring theorem with applications to {P}oincar\'{e} series and intersection multiplicity},
  year       = {1974},
  issn       = {0025-5521},
  pages      = {167--183},
  volume     = {34},
  doi        = {10.7146/math.scand.a-11518},
  fjournal   = {Mathematica Scandinavica},
  mrclass    = {13H15},
  mrnumber   = {0364232},
  mrreviewer = {S. S. Page},
  url        = {https://doi-org.elib.tcd.ie/10.7146/math.scand.a-11518},
}

@Article{Iwanaga1980,
  author     = {Iwanaga, Yasuo},
  journal    = {Tsukuba J. Math.},
  title      = {On rings with finite self-injective dimension. {II}},
  year       = {1980},
  number     = {1},
  pages      = {107--113},
  volume     = {4},
  doi        = {10.21099/tkbjm/1496158797},
  fjournal   = {Science Reports of the Tokyo Kyoiku Daigaku (Tokyo University of Education). Section A},
  mrclass    = {16A60},
  mrnumber   = {597688},
  mrreviewer = {B. L. Osofsky},
  url        = {https://doi-org.elib.tcd.ie/10.21099/tkbjm/1496158797},
}

@Article{Igusa1990,
  author   = {Igusa, Kiyoshi and Zacharia, Dan},
  journal  = {Proc. Amer. Math. Soc.},
  title    = {Syzygy pairs in a monomial algebra},
  year     = {1990},
  issn     = {0002-9939},
  number   = {3},
  pages    = {601--604},
  volume   = {108},
  doi      = {10.2307/2047776},
  fjournal = {Proceedings of the American Mathematical Society},
  mrclass  = {16P20 (16D50)},
  mrnumber = {1031675},
  url      = {https://doi-org.elib.tcd.ie/10.2307/2047776},
}

@Article{ZimmermannHuisgen1991,
  author   = {Zimmermann-Huisgen, Birge},
  journal  = {Manuscripta Math.},
  title    = {Predicting syzygies over monomial relations algebras},
  year     = {1991},
  issn     = {0025-2611},
  number   = {2},
  pages    = {157--182},
  volume   = {70},
  doi      = {10.1007/BF02568368},
  fjournal = {Manuscripta Mathematica},
  mrclass  = {16E10},
  mrnumber = {1085630},
  url      = {https://doi-org.elib.tcd.ie/10.1007/BF02568368},
}
@article {AntonVladimir,
    AUTHOR = {Dotsenko, Vladimir and Khoroshkin, Anton},
     TITLE = {Quillen homology for operads via {G}r\"{o}bner bases},
   JOURNAL = {Doc. Math.},
  FJOURNAL = {Documenta Mathematica},
    VOLUME = {18},
      YEAR = {2013},
     PAGES = {707--747},
      ISSN = {1431-0635},
   MRCLASS = {18G55 (05A15 13P10 16E05 18D50 18G10)},
  MRNUMBER = {3084563},
MRREVIEWER = {Beno\^{\i}t Fresse},
}
@Article{Green1991,
  author     = {Green, Edward L. and Kirkman, Ellen and Kuzmanovich, J.},
  journal    = {J. Algebra},
  title      = {Finitistic dimensions of finite-dimensional monomial algebras},
  year       = {1991},
  issn       = {0021-8693},
  number     = {1},
  pages      = {37--50},
  volume     = {136},
  doi        = {10.1016/0021-8693(91)90062-D},
  fjournal   = {Journal of Algebra},
  mrclass    = {16E10 (16G20)},
  mrnumber   = {1085118},
  mrreviewer = {Alfred G. Wiedemann},
  url        = {https://doi-org.elib.tcd.ie/10.1016/0021-8693(91)90062-D},
}
@article{Bergh2013,
  doi = {10.4171/jncg/139},
  url = {https://doi.org/10.4171/jncg/139},
  year = {2013},
  publisher = {European Mathematical Society Publishing House},
  volume = {7},
  number = {4},
  pages = {907--937},
  author = {Petter Andreas Bergh and David Jorgensen},
  title = {Tate-Hochschild homology and cohomology of Frobenius algebras},
  journal = {Journal of Noncommutative Geometry}
}

@Book{Rosales2009,
  author    = {Rosales, J. C. and Garc\'{\i}a-S\'{a}nchez, P. A.},
  publisher = {Springer, New York},
  title     = {Numerical semigroups},
  year      = {2009},
  isbn      = {978-1-4419-0159-0},
  series    = {Developments in Mathematics},
  volume    = {20},
  doi       = {10.1007/978-1-4419-0160-6},
  mrclass   = {20M14},
  mrnumber  = {2549780},
  pages     = {x+181},
  url       = {https://doi-org.elib.tcd.ie/10.1007/978-1-4419-0160-6},
}

@Article{Benson2019,
  author        = {{Benson}, Dave and {Iyengar}, Srikanth B. and {Krause}, Henning and {Pevtsova}, Julia},
  journal       = {arXiv e-prints},
  title         = {{Local duality for the singularity category of a finite dimensional Gorenstein algebra}},
  year          = {2019},
  month         = {May},
  pages         = {arXiv:1905.01506},
  adsnote       = {Provided by the SAO/NASA Astrophysics Data System},
  adsurl        = {https://ui.adsabs.harvard.edu/abs/2019arXiv190501506B},
  archiveprefix = {arXiv},
  eid           = {arXiv:1905.01506},
  eprint        = {1905.01506},
  keywords      = {Mathematics - Representation Theory, 16G10 (primary), 16G50, 16E65, 16E35},
  primaryclass  = {math.RT},
}

@Article{Butler1999,
  author     = {Butler, M. C. R. and King, A. D.},
  journal    = {J. Algebra},
  title      = {Minimal resolutions of algebras},
  year       = {1999},
  issn       = {0021-8693},
  number     = {1},
  pages      = {323--362},
  volume     = {212},
  doi        = {10.1006/jabr.1998.7599},
  fjournal   = {Journal of Algebra},
  mrclass    = {16E40 (16G20 16G60 16G70)},
  mrnumber   = {1670674},
  mrreviewer = {Dieter Happel},
  url        = {https://doi.org/10.1006/jabr.1998.7599},
}

@InProceedings{Lu2004,
  author     = {Lu, D. M. and Palmieri, J. H. and Wu, Q. S. and Zhang, J. J.},
  booktitle  = {Proceedings of the {I}nternational {C}onference on {A}lgebra},
  title      = {{$A_\infty$}-algebras for ring theorists},
  year       = {2004},
  number     = {1},
  pages      = {91--128},
  volume     = {11},
  fjournal   = {Algebra Colloquium},
  issn       = {1005-3867},
  journal    = {Algebra Colloq.},
  mrclass    = {16E45},
  mrnumber   = {2058967},
  mrreviewer = {Andrea Solotar},
}

@Book{U.B.2020,
  author    = {M., U.B., Félix, Y., Murillo, A., Tanré, D.},
  publisher = {Birkhäuser Basel},
  title     = {Lie Models in Topology},
  year      = {2020},
  isbn      = {978-3-030-54429-4},
  series    = {Progress in Mathematics},
  volume    = {335},
  url       = {https://www.springer.com/gp/book/9783030544294},
}

@InCollection{Cohen2004,
  author     = {Cohen, Ralph L. and J.es, J. D. S. and Yan, Jun},
  booktitle  = {Categorical decomposition techniques in algebraic topology ({I}sle of {S}kye, 2001)},
  publisher  = {Birkh\"{a}user, Basel},
  title      = {The loop homology algebra of spheres and projective spaces},
  year       = {2004},
  pages      = {77--92},
  series     = {Progr. Math.},
  volume     = {215},
  mrclass    = {55P35 (55R20)},
  mrnumber   = {2039760},
  mrreviewer = {R. M. Vogt},
}
@article{Halperin1983,
author = {Halperin, S.},
journal = {Mémoires de la Société Mathématique de France},
keywords = {simplicial de Rham algebra; minimal models; free differential graded algebras; rational homotopy type of a space; Postnikov decomposition; rational spaces; formal spaces; rational fibrations},
language = {eng},
pages = {1-261},
publisher = {Société mathématique de France},
title = {Lectures on minimal models},
url = {http://eudml.org/doc/94833},
volume = {9-10},
year = {1983},
}

@Article{Felix1982,
  author    = {Y. F{\'{e}}lix and Stephen Halperin and Jean-Claude Thomas},
  journal   = {Publications math{\'{e}}matiques de l{\textquotesingle}{IH}{\'{E}}S},
  title     = {The homotopy lie algebra for finite complexes},
  year      = {1982},
  month     = dec,
  number    = {1},
  pages     = {179--202},
  volume    = {56},
  doi       = {10.1007/bf02700466},
  publisher = {Springer Science and Business Media {LLC}},
  url       = {https://doi.org/10.1007/bf02700466},
}

@Article{Markl1992,
  author    = {Markl, M. and Papadima, S.},
  journal   = {Annales de l'Institut Fourier},
  title     = {Homotopy Lie algebras and fundamental groups via deformation theory},
  year      = {1992},
  number    = {4},
  pages     = {905-935},
  volume    = {42},
  address   = {Gap},
  doi       = {10.5802/aif.1315},
  language  = {en},
  mrnumber  = {93j:55017},
  publisher = {Imprimerie Louis-Jean},
  url       = {http://www.numdam.org/item/AIF_1992__42_4_905_0},
  zbl       = {0760.55010},
}

@Book{U.B.2020a,
  author    = {M., U.B., Félix, Y., Murillo, A., Tanré, D.},
  publisher = {Birkhäuser Basel},
  title     = {Lie Models in Topology},
  year      = {2020},
  isbn      = {978-3-030-54429-4},
  series    = {Progress in Mathematics},
  volume    = {335},
  url       = {https://www.springer.com/gp/book/9783030544294},
}

@InCollection{Cohen2004a,
  author     = {Cohen, Ralph L. and J.es, J. D. S. and Yan, Jun},
  booktitle  = {Categorical decomposition techniques in algebraic topology ({I}sle of {S}kye, 2001)},
  publisher  = {Birkh\"{a}user, Basel},
  title      = {The loop homology algebra of spheres and projective spaces},
  year       = {2004},
  pages      = {77--92},
  series     = {Progr. Math.},
  volume     = {215},
  mrclass    = {55P35 (55R20)},
  mrnumber   = {2039760},
  mrreviewer = {R. M. Vogt},
}
 
@Article{Arnold1969,
  author         = {Arnold, V.},
  title          = {The cohomology ring of the group of dyed braids},
  journaltitle   = {Mat. Zametki},
  date           = {1969},
  volume         = {5},
  pages          = {227--231},
}

@Article{Daily2006,
  author     = {Daily, Marilyn and Lada, Tom},
  journal    = {Rend. Circ. Mat. Palermo (2) Suppl.},
  title      = {Symmetrization of brace algebras},
  year       = {2006},
  issn       = {1592-9531},
  number     = {79},
  pages      = {75--86},
  fjournal   = {Rendiconti del Circolo Matematico di Palermo. Serie II. Supplemento},
  mrclass    = {18D50 (16E40)},
  mrnumber   = {2287127},
  mrreviewer = {Donald Yau},
}
@article{Markl1999,
         author = {M. Markl},
         journal = {Journal of Algebra},
         pages = {185--204},
         title = {{A Compactification of the Real Configuration Space as an
Operadic Completion}},
         volume = {215},
         year = {1999},
}

@Incollection{Cohen1976,
  author         = {Cohen, Fred R.},
  title          = {The  homology  of $C_{n+1}$-spaces, $n\geq 0$},
  booktitle      = {The homology of iterated loop spaces},
  publisher	 = {Springer (Berlin)},
  series         = {Lecture Notes in Mathematics},
  date           = {1976},
  volume         = {533},
  pages          = {207--351},
}

@article {Totaro1996,
    AUTHOR = {Totaro, Burt},
     TITLE = {Configuration spaces of algebraic varieties},
   JOURNAL = {Topology},
  FJOURNAL = {Topology. An International Journal of Mathematics},
    VOLUME = {35},
      YEAR = {1996},
    NUMBER = {4},
     PAGES = {1057--1067},
      ISSN = {0040-9383},
   MRCLASS = {57R19 (14F99 55T99)},
  MRNUMBER = {1404924},
MRREVIEWER = {Laurence R. Taylor},
       DOI = {10.1016/0040-9383(95)00058-5},
}

@Article{Ayala2015,
  author     = {Ayala, D. and Francis, J.},
  journal    = {J. Topol.},
  title      = {Factorization homology of topological manifolds},
  year       = {2015},
  issn       = {1753-8416},
  number     = {4},
  pages      = {1045--1084},
  volume     = {8},
  doi        = {10.1112/jtopol/jtv028},
  fjournal   = {Journal of Topology},
  mrclass    = {55U40 (57N35 57R19 57R56)},
  mrnumber   = {3431668},
  mrreviewer = {Jason Stuart Hanson},
}

@article {Kriz1994,
    AUTHOR = {Kříž, Igor},
     TITLE = {On the rational homotopy type of configuration spaces},
   JOURNAL = {Ann. of Math. (2)},
  FJOURNAL = {Annals of Mathematics. Second Series},
    VOLUME = {139},
      YEAR = {1994},
    NUMBER = {2},
     PAGES = {227--237},
      ISSN = {0003-486X},
   MRCLASS = {55P62 (32G13)},
  MRNUMBER = {1274092},
MRREVIEWER = {Elmer G. Rees},
       DOI = {10.2307/2946581},
}

@Article{Willwacher2014,
  author         = {Willwacher, Thomas},
  title          = {M. Kontsevich's graph complex and the Grothendieck--Teichmüller Lie algebra},
  journaltitle   = {Invent. Math.},
  date           = {2014},
  volume         = {200},
  number         = {3},
  pages          = {671--760},
  issn           = {1432-1297},
  doi            = {10.1007/s00222-014-0528-x},
  eprint         = {1009.1654},
  eprinttype     = {arXiv},
  mrnumber       = {3348138},
  oai2identifier = {1009.1654},
}

@Incollection{Kontsevich1994,
  author     = {Kontsevich, Maxim},
  title      = {{F}eynman diagrams and low-dimensional topology},
  booktitle  = {First {E}uropean {C}ongress of {M}athematics, {V}ol.\ {II} ({P}aris, 1992)},
  date       = {1994},
  volume     = {120},
  publisher  = {Birkh\"auser},
  pages      = {97--121},
  doi        = {10.1007/978-3-0348-9112-7_5},
  series     = {Progr. Math.},
  location   = {Basel},
  mrclass    = {57R57 (14H15 32G15 57M25)},
  mrnumber   = {1341841 (96h:57027)},
  mrreviewer = {Anatoly Libgober},
}

@Article{Kontsevich2003,
  author       = {Kontsevich, Maxim},
  title        = {Deformation quantization of {P}oisson manifolds},
  journaltitle = {Lett. Math. Phys.},
  date         = {2003},
  volume       = {66},
  number       = {3},
  pages        = {157--216},
  issn         = {0377-9017},
  doi          = {10.1023/B:MATH.0000027508.00421.bf},
  eprint       = {q-alg/9709040},
  eprinttype   = {arXiv},
  coden        = {LMPHDY},
  fjournal     = {Letters in Mathematical Physics. A Journal for the Rapid Dissemination of Short Contributions in the Field of Mathematical Physics},
  mrclass      = {53D55 (16E40 53D17 81S10)},
  mrnumber     = {2062626},
  mrreviewer   = {David Chataur},
}

@Misc{CordovaBulens2015,
  author     = {Cordova Bulens, Hector and Lambrechts, Pascal and Stanley, Donald},
  note       = {Preprint},
  title      = {Rational models of the complement of a subpolyhedron in a manifold with boundary},
  date       = {2015},
  eprint     = {1505.04816},
  eprinttype = {arXiv},
}

@Article{Kontsevich1999,
  author       = {Kontsevich, Maxim},
  title        = {Operads and motives in deformation quantization},
  journaltitle = {Lett. Math. Phys.},
  date         = {1999},
  volume       = {48},
  number       = {1},
  pages        = {35--72},
  issn         = {0377-9017},
  doi          = {10.1023/A:1007555725247},
  eprint       = {math/9904055},
  eprinttype   = {arXiv},
  coden        = {LMPHDY},
  fjournal     = {Letters in Mathematical Physics. A Journal for the Rapid Dissemination of Short Contributions in the Field of Mathematical Physics},
  mrclass      = {53D55 (14F42 16S80 18D50 18G55 55P48 81S10)},
  mrnumber     = {1718044},
  mrreviewer   = {Alexander A. Voronov},
}

@Misc{CordovaBulens2015a,
  author     = {Cordova Bulens, Hector and Lambrechts, Pascal and Stanley, Donald},
  note       = {Preprint},
  title      = {Pretty rational models for Poincaré duality pairs},
  date       = {2015},
  eprint     = {1505.04818},
  eprinttype = {arXiv},
}

@Misc{Getzler1994,
  author     = {Getzler, Ezra and Stanley, J.es, J.D.S.},
  note       = {Preprint},
  title      = {Operads, homotopy algebra and iterated integrals for double loop spaces},
  date       = {1994},
  eprint     = {hep-th/9403055},
  eprinttype = {arXiv},
}

@Article{Cattaneo2010,
  author       = {Cattaneo, Alberto S. and Mn{\"e}v, Pavel},
  title        = {Remarks on {C}hern-{S}imons invariants},
  issn         = {0010-3616},
  number       = {3},
  pages        = {803--836},
  volume       = {293},
  coden        = {CMPHAY},
  comment      = {improved propagator},
  date         = {2010},
  doi          = {10.1007/s00220-009-0959-1},
  eprint       = {0811.2045},
  eprinttype   = {arXiv},
  fjournal     = {Communications in Mathematical Physics},
  journaltitle = {Comm. Math. Phys.},
  mrclass      = {58J28 (16E45 57M27 81Q30)},
  mrnumber     = {2566163},
  mrreviewer   = {Domenico Fiorenza},
}

@Misc{Fresse2015,
  author     = {Fresse, Benoit and Willwacher, Thomas},
  note       = {Preprint},
  title      = {The intrinsic formality of {$E_n$}-operads},
  date       = {2015},
  eprint     = {1503.08699},
  eprinttype = {arXiv},
}

@Book{Fresse2017,
  author    = {Fresse, Benoit},
  publisher = {American Mathematical Society, Providence, RI},
  title     = {Homotopy of operads and {G}rothendieck-{T}eichm\"uller groups. {P}art 1},
  year      = {2017},
  isbn      = {978-1-4704-3481-6},
  note      = {The algebraic theory and its topological background},
  series    = {Mathematical Surveys and Monographs},
  volume    = {217},
  mrclass   = {55P48 (17B55 18D50 20F38 20F40 55P10 55P62 57T05)},
  mrnumber  = {3643404},
  pages     = {xlvi+532},
}

@Book{Fresse2017a,
  author     = {Fresse, Benoit},
  publisher  = {American Mathematical Society, Providence, RI},
  title      = {Homotopy of operads and {G}rothendieck-{T}eichm\"uller groups. {P}art 2},
  year       = {2017},
  isbn       = {978-1-4704-3482-3},
  note       = {The applications of (rational) homotopy theory methods},
  series     = {Mathematical Surveys and Monographs},
  volume     = {217},
  mrclass    = {55P48 (18D50 55P62 55U35 57T05)},
  mrnumber   = {3616816},
  mrreviewer = {Julia Bergner},
  pages      = {xxxv+704},
}

@misc{Fresse2018,
  author       = {Fresse, Benoit},
  title        = {The extended rational homotopy theory of operads},
  date         = {2018},
  eprint       = {1805.00530},
  eprinttype   = {arXiv},
}

@Article{Hardt2011,
  author       = {Hardt, Robert and Lambrechts, Pascal and Turchin, Victor and Volić, Ismar},
  title        = {Real homotopy theory of semi-algebraic sets},
  issn         = {1472-2747},
  number       = {5},
  pages        = {2477--2545},
  volume       = {11},
  date         = {2011},
  doi          = {10.2140/agt.2011.11.2477},
  eprint       = {0806.0476},
  eprinttype   = {arXiv},
  fjournal     = {Algebraic \& Geometric Topology},
  journaltitle = {Algebr. Geom. Topol.},
  mrclass      = {55P62 (14P10)},
  mrnumber     = {2836293},
  mrreviewer   = {Andrey Yu. Lazarev},
}

@Article{Willwacher2016,
  author       = {Willwacher, Thomas},
  title        = {The Homotopy Braces Formality Morphism},
  journaltitle = {Duke Math. J.},
  date         = {2016},
  volume       = {165},
  number       = {10},
  pages        = {1815--1964},
  doi          = {10.1215/00127094-3450644},
  eprint       = {1109.3520},
  eprinttype   = {arXiv},
}

@Article{Lambrechts2008,
  author       = {Lambrechts, Pascal and Stanley, Don},
  title        = {Poincaré duality and commutative differential graded algebras},
  issn         = {0012-9593},
  number       = {4},
  pages        = {495--509},
  volume       = {41},
  comment      = {model w/ P.D.},
  date         = {2008},
  eprint       = {math/0701309},
  eprinttype   = {arXiv},
  fjournal     = {Annales Scientifiques de l'\'Ecole Normale Sup\'erieure. Quatri\`eme S\'erie},
  journaltitle = {Ann. Sci. \'Ec. Norm. Sup\'er. (4)},
  mrclass      = {55P62 (13D03 16E45 18G55 55R80)},
  mrnumber     = {2489632 (2009k:55022)},
  mrreviewer   = {David Chataur},
}

@Article{Hoefel2012,
  author       = {Hoefel, Eduardo and Livernet, Muriel},
  title        = {Open-closed homotopy algebras and strong homotopy {L}eibniz pairs through {K}oszul operad theory},
  issn         = {0377-9017},
  number       = {2},
  pages        = {195--222},
  volume       = {101},
  coden        = {LMPHDY},
  comment      = {OCHA (non)formal, SHLP},
  date         = {2012},
  doi          = {10.1007/s11005-012-0556-7},
  eprint       = {1104.3607},
  eprinttype   = {arXiv},
  fjournal     = {Letters in Mathematical Physics. A Journal for the Rapid Dissemination of Short Contributions in the Field of Mathematical Physics},
  journaltitle = {Lett. Math. Phys.},
  mrclass      = {18D50 (16E40 18G55)},
  mrnumber     = {2947961},
  mrreviewer   = {Julia Bergner},
}

@Article{Lambrechts2014,
  author         = {Lambrechts, Pascal and Volić, Ismar},
  title          = {Formality of the little {$N$}-disks operad},
  issn           = {0065-9266},
  number         = {1079},
  pages          = {viii+116},
  volume         = {230},
  date           = {2014},
  doi            = {10.1090/memo/1079},
  eprint         = {0808.0457},
  eprinttype     = {arXiv},
  fjournal       = {Memoirs of the American Mathematical Society},
  isbn           = {978-0-8218-9212-1},
  journaltitle   = {Mem. Amer. Math. Soc.},
  mrclass        = {55P62 (18D50)},
  mrnumber       = {3220287},
  oai2identifier = {0808.0457},
}

@Misc{Willwacher2017,
  author     = {Thomas Willwacher},
  note       = {Preprint},
  title      = {(Non-)formality of the extended Swiss Cheese operads},
  date       = {2017-06-09},
  eprint     = {1706.02945v1},
  eprinttype = {arXiv},
}

@Article{Sinha2004,
  author       = {Sinha, Dev P.},
  title        = {Manifold-theoretic compactifications of configuration spaces},
  journaltitle = {Selecta Math. (N.S.)},
  date         = {2004},
  volume       = {10},
  number       = {3},
  pages        = {391--428},
  issn         = {1022-1824},
  doi          = {10.1007/s00029-004-0381-7},
  eprint       = {math/0306385},
  eprinttype   = {arXiv},
  coden        = {SMATF6},
  comment      = {precise FM},
  fjournal     = {Selecta Mathematica. New Series},
  mrclass      = {55R80 (55T99)},
  mrnumber     = {2099074},
  mrreviewer   = {Riccardo Longoni},
}

@Article{Weiss1999,
  author     = {Weiss, M.},
  journal    = {Geom. Topol.},
  title      = {Embeddings from the point of view of immersion theory. {I}},
  year       = {1999},
  issn       = {1465-3060},
  pages      = {67--101},
  volume     = {3},
  doi        = {10.2140/gt.1999.3.67},
  fjournal   = {Geometry and Topology},
  mrclass    = {57R40 (57R42)},
  mrnumber   = {1694812},
  mrreviewer = {R. E. Stong},
}

@Article{Goodwillie1999,
  author     = {Goodwillie, Thomas G. and Weiss, M.},
  journal    = {Geom. Topol.},
  title      = {Embeddings from the point of view of immersion theory. {II}},
  year       = {1999},
  issn       = {1465-3060},
  pages      = {103--118},
  volume     = {3},
  doi        = {10.2140/gt.1999.3.103},
  fjournal   = {Geometry and Topology},
  mrclass    = {57R40 (57R42)},
  mrnumber   = {1694808},
  mrreviewer = {R. E. Stong},
}

@Book{Greub1976,
  author     = {Greub, Werner and Halperin, Stephen and Vanstone, Ray},
  publisher  = {Academic Press [Harcourt Brace Jovanovich, Publishers], New York-London},
  title      = {Connections, curvature, and cohomology},
  year       = {1976},
  note       = {Volume III: Cohomology of principal bundles and homogeneous spaces, Pure and Applied Mathematics, Vol. 47-III},
  mrclass    = {58-02 (55FXX 57FXX 57D20)},
  mrnumber   = {0400275},
  mrreviewer = {D. Lehmann},
  pages      = {xxi+593},
}

@Article{Longoni2005,
  author     = {Longoni, Riccardo and Salvatore, Paolo},
  journal    = {Topology},
  title      = {Configuration spaces are not homotopy invariant},
  year       = {2005},
  issn       = {0040-9383},
  number     = {2},
  pages      = {375--380},
  volume     = {44},
  doi        = {10.1016/j.top.2004.11.002},
  fjournal   = {Topology. An International Journal of Mathematics},
  mrclass    = {55R80 (55S30)},
  mrnumber   = {2114713},
  mrreviewer = {Pascal Lambrechts},
}

@Article{Lambrechts2008a,
  author       = {Lambrechts, Pascal and Stanley, Don},
  title        = {A remarkable {DG}module model for configuration spaces},
  issn         = {1472-2747},
  number       = {2},
  pages        = {1191--1222},
  volume       = {8},
  comment      = {cf Kriz},
  date         = {2008},
  doi          = {10.2140/agt.2008.8.1191},
  eprint       = {0707.2350},
  eprinttype   = {arXiv},
  fjournal     = {Algebraic \& Geometric Topology},
  journaltitle = {Algebr. Geom. Topol.},
  mrclass      = {55P62 (55R80)},
  mrnumber     = {2443112 (2009g:55011)},
  mrreviewer   = {Steven R. Costenoble},
}

@Misc{Campos2016,
  author     = {Campos, Ricardo and Willwacher, Thomas},
  note       = {Preprint, 44 pages},
  title      = {A model for configuration spaces of points},
  date       = {2016},
  eprint     = {1604.02043},
  eprinttype = {arXiv},
}

@Misc{Campos2017,
  author = {Campos, Ricardo and Ducoulombier, Julien and Willwacher, Thomas},
  note   = {In preparation},
  title  = {Models for framed configuration spaces},
  date   = {2017},
}


@Incollection{Voronov1999,
  author     = {Voronov, Alexander A.},
  title      = {The {S}wiss-cheese operad},
  booktitle  = {Homotopy invariant algebraic structures ({B}altimore, {MD}, 1998)},
  date       = {1999},
  publisher  = {Amer. Math. Soc.},
  pages      = {365--373},
  doi        = {10.1090/conm/239/03610},
  eprint     = {math/9807037},
  eprinttype = {arXiv},
  series     = {Contemp. Math.},
  number     = {239},
  location   = {Providence, RI},
  comment    = {original def},
  mrclass    = {55P48 (14H15 18C10 18D50 55U35 81T40)},
  mrnumber   = {1718089 (2000i:55032)},
  mrreviewer = {J. Stasheff},
}

@Article{Livernet2015,
  author       = {Livernet, Muriel},
  title        = {Non-formality of the {S}wiss-cheese operad},
  journaltitle = {J. Topol.},
  date         = {2015},
  volume       = {8},
  number       = {4},
  pages        = {1156--1166},
  doi          = {10.1112/jtopol/jtv018},
  eprint       = {1404.2484},
  eprinttype   = {arXiv},
  comment      = {SC nonformal},
}

@Article{Tamarkin2003,
  author       = {Tamarkin, Dmitry E.},
  title        = {Formality of chain operad of little discs},
  journaltitle = {Lett. Math. Phys.},
  date         = {2003},
  volume       = {66},
  number       = {1-2},
  pages        = {65--72},
  issn         = {0377-9017},
  doi          = {10.1023/B:MATH.0000017651.12703.a1},
  coden        = {LMPHDY},
  fjournal     = {Letters in Mathematical Physics. A Journal for the Rapid Dissemination of Short Contributions in the Field of Mathematical Physics},
  mrclass      = {18G55 (08C15 18D50 55U10)},
  mrnumber     = {2064592},
  mrreviewer   = {Alexander Gorokhovsky},
}

@Article{Khoroshkin2017,
  author  = {Khoroshkin, Anton and Willwacher, Thomas},
  journal = {arXiv preprint arXiv:1705.08108},
  title   = {Real models for the framed little $ n $-disks operads},
  year    = {2017},
}


@Misc{Willwacher2015,
  author     = {Willwacher, Thomas},
  title      = {Models for the {$n$}-Swiss Cheese operads},
  date       = {2015},
  eprint     = {1506.07021},
  eprinttype = {arXiv},
  note       = {Preprint}
}

@Misc{Fresse2017b,
  author     = {Fresse, Benoit and Turchin, Victor and Willwacher, Thomas},
  note       = {Preprint},
  title      = {The rational homotopy of mapping spaces of {$E_n$} operads},
  date       = {2017},
  eprint     = {1703.06123},
  eprinttype = {arXiv},
}

@Article{GuillenSantos2005,
  author     = {Guill\'en Santos, F. and Navarro, V. and Pascual, P. and Roig, A.},
  journal    = {Duke Math. J.},
  title      = {Moduli spaces and formal operads},
  year       = {2005},
  issn       = {0012-7094},
  number     = {2},
  pages      = {291--335},
  volume     = {129},
  doi        = {10.1215/S0012-7094-05-12924-6},
  fjournal   = {Duke Mathematical Journal},
  mrclass    = {14H10 (18D50)},
  mrnumber   = {2165544},
  mrreviewer = {Domenico Fiorenza},
}

@Article{Idrissi2017,
  author       = {Idrissi, Najib},
  title        = {Swiss-Cheese operad and {D}rinfeld center},
  journaltitle = {Israel J. Math},
  date         = {2017},
  volume       = {221},
  number       = {2},
  pages        = {941--972},
  doi          = {10.1007/s11856-017-1579-7},
  eprint       = {1507.06844},
  eprinttype   = {arXiv},
}

@Misc{Idrissi2016,
  author     = {Idrissi, Najib},
  title      = {The Lambrechts--Stanley Model of Configuration Spaces},
  date       = 2016,
  eprint     = {1608.08054},
  eprinttype = {arXiv},
  note       = {Preprint, submitted, 50 pages},
}

@PhdThesis{Idrissi2017a,
  author      = {Idrissi, Najib},
  title       = {Formalité opéradique et homotopie des espaces de configuration},
  date        = {2017-11-17},
  institution = {Université Lille 1},
  language    = {French},
  url         = {http://ori.univ-lille1.fr/notice/view/univ-lille1-ori-455595}
}

@Article{Axelrod1994,
  author       = {Axelrod, Scott and Singer, I. M.},
  title        = {Chern-{S}imons perturbation theory. {II}},
  issn         = {0022-040X},
  number       = {1},
  pages        = {173--213},
  volume       = {39},
  coden        = {JDGEAS},
  date         = {1994},
  eprint       = {hep-th/9304087},
  eprinttype   = {arXiv},
  fjournal     = {Journal of Differential Geometry},
  journaltitle = {J. Differential Geom.},
  mrclass      = {58G26 (57R20 81T18 81T60)},
  mrnumber     = {1258919 (95b:58163)},
  mrreviewer   = {Steven Rosenberg},
  url          = {http://projecteuclid.org/euclid.jdg/1214454681},
}

@Article{Bott1998,
  author       = {Bott, Raoul and Cattaneo, Alberto S.},
  title        = {Integral invariants of {$3$}-manifolds},
  issn         = {0022-040X},
  number       = {1},
  pages        = {91--133},
  volume       = {48},
  comment      = {propagators},
  date         = {1998},
  fjournal     = {Journal of Differential Geometry},
  groups       = {TQFT},
  journaltitle = {J. Differential Geom.},
  mrclass      = {58J28 (57M27 57N10)},
  mrnumber     = {1622602},
  url          = {http://projecteuclid.org/euclid.jdg/1214460608},
}

@Misc{Raptis2016,
  author     = {Raptis, George and Salvatore, Paolo},
  note       = {Preprint},
  title      = {A remark on configuration spaces of two points},
  date       = {2016},
  eprint     = {1604.01558},
  eprinttype = {arXiv},
}

@Misc{SonghafouoTsopmene2015,
  author     = {Songhafouo Tsopméné, Paul Arnaud and Turchin, Victor},
  note       = {Preprint},
  title      = {Rational homology and homotopy of high dimensional string links},
  date       = {2015},
  eprint     = {1504.00896},
  eprinttype = {arXiv},
}

@Misc{SonghafouoTsopmene2016,
  author     = {Songhafouo Tsopméné, Paul Arnaud and Turchin, Victor},
  note       = {Preprint},
  title      = {Euler characteristics for the Hodge splitting in the rational homology and homotopy of high dimensional string links},
  date       = {2016},
  eprint     = {1609.00778},
  eprinttype = {arXiv},
}

@Article{Joellenbeck2009,
  author    = {M. J\"{o}llenbeck and Volkmar Welker},
  journal   = {Memoirs of the American Mathematical Society},
  title     = {Minimal resolutions via algebraic discrete Morse theory},
  year      = {2009},
  number    = {923},
  pages     = {0--0},
  volume    = {197},
  doi       = {10.1090/memo/0923},
  publisher = {American Mathematical Society ({AMS})},
  url       = {https://doi.org/10.1090/memo/0923},
}
@article{Reca2018,
title = "Homological invariants relating the super Jordan plane to the Virasoro algebra",
journal = "Journal of Algebra",
volume = "507",
pages = "120 - 185",
year = "2018",
issn = "0021-8693",
doi = "https://doi.org/10.1016/j.jalgebra.2018.04.008",
url = "http://www.sciencedirect.com/science/article/pii/S0021869318302564",
author = "Sebastián Reca and Andrea Solotar",
keywords = "Nichols algebra, Hochschild cohomology, Virasoro algebra, Gerstenhaber bracket",
abstract = "Nichols algebras are an important tool for the classification of Hopf algebras. Within those with finite GK dimension, we study homological invariants of the super Jordan plane, that is, the Nichols algebra A=B(V(−1,2)). These invariants are Hochschild homology, the Hochschild cohomology algebra, the Lie structure of the first cohomology space – which is a Lie subalgebra of the Virasoro algebra – and its representations Hn(A,A) and also the Yoneda algebra. We prove that the algebra A is K2. Moreover, we prove that the Yoneda algebra of the bosonization A#kZ of A is also finitely generated, but not K2."
}

@InCollection{Andruskiewitsch2017,
  author    = {N. Andruskiewitsch},
  publisher = {Springer, Cham},
  title     = {An Introduction to Nichols Algebras},
  year      = {2017},
  editor    = {Cardona, A. and Morales, P. and Ocampo, H. and Paycha, S. and Reyes L., Andr\'{e}s F.},
  isbn      = {978-3-319-65426-3; 978-3-319-65427-0},
  pages     = {x+341},
  series    = {Mathematical Physics Studies},
  book      = {Quantization, geometry and noncommutative structures in mathematics and physics},
  mrclass   = {81-06 (18-06 58B34 81T70)},
  mrnumber  = {3729277},
}
@article{Keller2001,
  doi = {10.4310/hha.2001.v3.n1.a1},
  url = {https://doi.org/10.4310/hha.2001.v3.n1.a1},
  year = {2001},
  publisher = {International Press of Boston},
  volume = {3},
  number = {1},
  pages = {1--35},
  author = {B. Keller},
  title = {Introduction to {\textdollar}A{\_}$\lbrace${\textbackslash}infty$\rbrace${\textdollar}-infinity algebras and modules},
  journal = {Homology,  Homotopy and Applications}
}

@Article{Skoeldberg2006,
  author    = {E. Sköldberg},
  journal   = {Transactions of the American Mathematical Society},
  title     = {Morse Theory from an Algebraic Viewpoint},
  year      = {2006},
  issn      = {00029947},
  number    = {1},
  pages     = {115--129},
  volume    = {358},
  abstract  = {Forman's discrete Morse theory is studied from an algebraic viewpoint, and we show how this theory can be extended to chain complexes of modules over arbitrary rings. As applications we compute the homologies of a certain family of nilpotent Lie algebras, and show how the algebraic Morse theory can be used to derive the classical Anick resolution as well as a new two-sided Anick resolution.},
  publisher = {American Mathematical Society},
  url       = {http://www.jstor.org/stable/3845449},
}


@article{Berglund2006,
title = "Poincaré series of monomial rings",
journal = "Journal of Algebra",
volume = "295",
number = "1",
pages = "211 - 230",
year = "2006",
issn = "0021-8693",
doi = "https://doi.org/10.1016/j.jalgebra.2005.04.008",
url = "http://www.sciencedirect.com/science/article/pii/S0021869305002218",
author = "A. Berglund",
abstract = "Let k be a field, let I be an ideal generated by monomials in the polynomial ring k[x1,…,xt] and let R=k[x1,…,xt]/I be the associated monomial ring. The k-vector spaces ToriR(k,k) are Nt-graded. We derive a formula for the multigraded Poincaré series of R,PkR(x,z)=∑i⩾0,α∈NtdimkTori,αR(k,k)xαzi, in terms of the homology of certain simplicial complexes associated to subsets of the minimal set of generators for I. The homology groups occuring in the formula can be interpreted as the homology groups of lower intervals in the lattice of saturated subsets of the generators for I."
}

@Article{Berglund2014,
  author       = {Berglund, Alexander},
  title        = {Homological perturbation theory for algebras over operads},
  volume       = {14},
  number       = {5},
  pages        = {2511--2548},
  issn         = {1472-2747},
  date         = {2014},
  doi          = {10.2140/agt.2014.14.2511},
  fjournal     = {Algebraic & Geometric Topology},
  groups       = {Operads},
  journaltitle = {Algebr. Geom. Topol.},
  mrclass      = {18D50 (13D02)},
  mrnumber     = {3276839},
  mrreviewer   = {Christopher L. Rogers},
  timestamp    = {2017.10.30},
}

@Misc{Cattaneo2015,
  author     = {Cattaneo, Alberto S. and Mnev, Pavel and Reshetikhin, Nicolai},
  note       = {Preprint},
  title      = {Perturbative quantum gauge theories on manifolds with boundary},
  date       = {2015},
  eprint     = {1507.01221},
  eprinttype = {arXiv},
}

@Book{Felix2008a,
  author    = {Félix, Y. and Oprea, J. and Tanré, Daniel},
  publisher = {Oxford University Press},
  title     = {Algebraic models in geometry},
  isbn      = {978-0-19-920651-3},
  number    = {17},
  series    = {Oxford Graduate Texts in Mathematics},
  date      = {2008},
  location  = {Oxford},
  pages     = {xxii+460},
}

@Book{Loday1992,
  title      = {Cyclic homology},
  publisher  = {Springer-Verlag},
  author     = {Loday, Jean-Louis},
  number     = {301},
  series     = {Grundlehren der Mathematischen Wissenschaften [Fundamental Principles of Mathematical Sciences]},
  note       = {Appendix E by María O. Ronco},
  date       = {1992},
  isbn       = {3-540-53339-7},
  location   = {Berlin},
  pages      = {xviii+454}
}

@Article{Fulton1994,
  author       = {Fulton, William and MacPherson, Robert},
  title        = {A compactification of configuration spaces},
  issn         = {0003-486X},
  number       = {1},
  pages        = {183--225},
  volume       = {139},
  coden        = {ANMAAH},
  date         = {1994},
  doi          = {10.2307/2946631},
  file         = {:FultonMacPherson1994.pdf:PDF},
  journaltitle = {Ann. of Math. (2)},
  mrnumber     = {1259368 (95j:14002)},
  mrreviewer   = {Burt Totaro},
}

@Misc{Campos2018,
  author     = {Campos, Ricardo and Idrissi, Najib and Lambrechts, Pascal and Willwacher, Thomas},
  note       = {Preprint, 107 pages},
  title      = {Configuration Spaces of Manifolds with Boundary},
  date       = {2018},
  eprint     = {1802.00716},
  eprinttype = {arXiv},
}

@InCollection{Giansiracusa2010,
  author     = {Giansiracusa, Jeffrey and Salvatore, Paolo},
  booktitle  = {Homotopy theory of function spaces and related topics},
  publisher  = {Amer. Math. Soc.},
  title      = {Formality of the framed little 2-discs operad and semidirect products},
  number     = {519},
  pages      = {115--121},
  series     = {Contemp. Math.},
  comment    = {fE_2 formal (K approach)},
  date       = {2010},
  doi        = {10.1090/conm/519/10236},
  eprint     = {0911.4428},
  eprinttype = {arXiv},
  file       = {:GiansiracusaSalvatore2010.pdf:PDF},
  groups     = {Formality},
  location   = {Providence, RI},
  mrclass    = {55P48 (18D50)},
  mrnumber   = {2648708},
  printed    = {printed},
  timestamp  = {2014.09.18},
}

@Article{Severa2010,
  author       = {\v{S}evera, Pavol},
  title        = {Formality of the chain operad of framed little disks},
  journaltitle = {Lett. Math. Phys.},
  date         = {2010},
  volume       = {93},
  number       = {1},
  pages        = {29--35},
  issn         = {0377-9017},
  doi          = {10.1007/s11005-010-0399-z},
  file         = {Severa2010.pdf:Severa2010.pdf:PDF},
  fjournal     = {Letters in Mathematical Physics},
  groups       = {Formality},
  mrclass      = {55P48 (18D50 55U10)},
  mrnumber     = {2661521},
  mrreviewer   = {Julia Bergner},
  timestamp    = {2017.05.03},
}

@Incollection{Hess2007,
  author     = {Hess, Kathryn},
  title      = {Rational homotopy theory: a brief introduction},
  booktitle  = {Interactions between homotopy theory and algebra},
  date       = {2007},
  publisher  = {Amer. Math. Soc.},
  pages      = {175--202},
  doi        = {10.1090/conm/436/08409},
  series     = {Contemp. Math.},
  number     = {436},
  location   = {Providence, RI},
  file       = {:Hess2007.pdf:PDF},
  groups     = {Rational homotopy},
  mrclass    = {55P62 (55M30)},
  mrnumber   = {2355774},
  mrreviewer = {Y. Félix},
  timestamp  = {2014.06.13},
}

@Article{Petersen2014,
  author     = {Petersen, Dan},
  title      = {Minimal models, {GT}-action and formality of the little disk operad},
  journal    = {Selecta Math. (N.S.)},
  year       = {2014},
  volume     = {20},
  number     = {3},
  pages      = {817--822},
  issn       = {1022-1824},
  eprint     = {1303.1448},
  eprinttype = {arXiv},
  doi        = {10.1007/s00029-013-0135-5},
}

@Article{BoavidadeBrito2013,
  author       = {Boavida de Brito, Pedro and Weiss, M.},
  title        = {Manifold calculus and homotopy sheaves},
  issn         = {1532-0073},
  number       = {2},
  pages        = {361--383},
  volume       = {15},
  date         = {2013},
  doi          = {10.4310/HHA.2013.v15.n2.a20},
  eprint       = {1202.1305},
  eprinttype   = {arXiv},
  file         = {:BoavidaWeiss2013.pdf:PDF},
  fjournal     = {Homology, Homotopy and Applications},
  groups       = {Goodwillie-Weiss calculus},
  journaltitle = {Homology Homotopy Appl.},
  mrclass      = {57R40 (18D50 18F10 18G55)},
  mrnumber     = {3138384},
  mrreviewer   = {Vidhyanath K. Rao},
  printed      = {printed},
  timestamp    = {2015.11.24},
}

@Article{Turchin2013,
  author       = {Turchin, Victor},
  title        = {Context-free manifold calculus and the {F}ulton--{M}ac{P}herson operad},
  volume       = {13},
  number       = {3},
  pages        = {1243--1271},
  date         = {2013},
  doi          = {10.2140/agt.2013.13.1243},
  eprint       = {1204.0501},
  eprinttype   = {arXiv},
  file         = {:Turchin2013.pdf:PDF},
  fjournal     = {Algebraic \& Geometric Topology},
  groups       = {Long knots, Goodwillie-Weiss calculus, E_n},
  issn         = {1472-2747},
  journaltitle = {Algebr. Geom. Topol.},
  mrclass      = {57Q45 (18D50 55P48)},
  mrnumber     = {3071127},
  timestamp    = {2014.06.19},
}

@Article{LefevreHasegawa2003,
  author  = {Lefevre-Hasegawa, Kenji},
  journal = {arXiv preprint math/0310337},
  title   = {Sur les ${A}_\infty$ cat\'egories},
  year    = {2003},
}

@Article{Calaque2018,
  author  = {Calaque, Damien and Grivaux, Julien},
  journal = {arXiv preprint arXiv:1802.09556},
  title   = {Formal moduli problems and formal derived stacks},
  year    = {2018},
}

@Article{Lurie2011,
  author  = {Jacob Lurie},
  journal = {preprint available at \url{https://www.math.ias.edu/~lurie/papers/DAG-X.pdf}},
  title   = {Derived Algebraic Geometry X: Formal Moduli Problems},
  year    = {2011},
}

@Article{Lurie2017,
  author  = {Jacob Lurie},
  journal = {preprint available at \url{https://www.math.ias.edu/~lurie/papers/HA.pdf}},
  title   = {Higher algebra},
  year    = {2017},
}

@Book{Lurie2009,
  author    = {Lurie, Jacob},
  publisher = {Princeton University Press, Princeton, NJ},
  title     = {Higher topos theory},
  year      = {2009},
  isbn      = {978-0-691-14049-0; 0-691-14049-9},
  series    = {Annals of Mathematics Studies},
  volume    = {170},
  doi       = {10.1515/9781400830558},
  pages     = {xviii+925},
  url       = {https://doi.org/10.1515/9781400830558},
}

@Article{Dehling2015,
  author  = {Dehling, Malte and Vallette, B.},
  journal = {arXiv preprint arXiv:1503.02701},
  title   = {Symmetric homotopy theory for operads},
  year    = {2015},
}

@Article{VanderLaan2003,
  author  = {Van der Laan, Pepijn},
  journal = {arXiv preprint math/0312147},
  title   = {Coloured {K}oszul duality and strongly homotopy operads},
  year    = {2003},
}

@Article{Hinich2001,
  author   = {Hinich, V.},
  journal  = {J. Pure Appl. Algebra},
  title    = {D{G} coalgebras as formal stacks},
  year     = {2001},
  issn     = {0022-4049},
  number   = {2-3},
  pages    = {209--250},
  volume   = {162},
  doi      = {10.1016/S0022-4049(00)00121-3},
  fjournal = {Journal of Pure and Applied Algebra},
  url      = {https://doi.org/10.1016/S0022-4049(00)00121-3},
}

@Article{Hinich2016,
  author   = {Hinich, V.},
  journal  = {Homology Homotopy Appl.},
  title    = {Dwyer-{K}an localization revisited},
  year     = {2016},
  issn     = {1532-0073},
  number   = {1},
  pages    = {27--48},
  volume   = {18},
  doi      = {10.4310/HHA.2016.v18.n1.a3},
  fjournal = {Homology, Homotopy and Applications},
  url      = {https://doi.org/10.4310/HHA.2016.v18.n1.a3},
}

@Article{Hinich2015,
  author   = {Hinich, V.},
  journal  = {Doc. Math.},
  title    = {Rectification of algebras and modules},
  year     = {2015},
  issn     = {1431-0635},
  pages    = {879--926},
  volume   = {20},
  fjournal = {Documenta Mathematica},
  mrclass  = {18D50 (18G55)},
}

@Article{Schwede2003,
  author   = {Schwede, Stefan and Shipley, Brooke},
  journal  = {Topology},
  title    = {Stable model categories are categories of modules},
  year     = {2003},
  issn     = {0040-9383},
  number   = {1},
  pages    = {103--153},
  volume   = {42},
  doi      = {10.1016/S0040-9383(02)00006-X},
  fjournal = {Topology. An International Journal of Mathematics},
  url      = {https://doi.org/10.1016/S0040-9383(02)00006-X},
}

@Article{Pavlov2018,
  author   = {Pavlov, Dmitri and Scholbach, Jakob},
  journal  = {J. Topol.},
  title    = {Admissibility and rectification of colored symmetric operads},
  year     = {2018},
  issn     = {1753-8416},
  number   = {3},
  pages    = {559--601},
  volume   = {11},
  doi      = {10.1112/topo.12008},
  fjournal = {Journal of Topology},
  url      = {https://doi.org/10.1112/topo.12008},
}

@Article{Wierstra2019,
  author   = {Wierstra, Felix},
  journal  = {J. Homotopy Relat. Struct.},
  title    = {Algebraic {H}opf invariants and rational models for mapping spaces},
  year     = {2019},
  issn     = {2193-8407},
  number   = {3},
  pages    = {719--747},
  volume   = {14},
  doi      = {10.1007/s40062-018-00230-z},
  fjournal = {Journal of Homotopy and Related Structures},
  mrclass  = {55P62 (55P48)},
  mrnumber = {3987556},
  url      = {https://doi.org/10.1007/s40062-018-00230-z},
}

@Article{RobertNicoud2019,
  author   = {Robert-Nicoud, Daniel and Wierstra, Felix},
  journal  = {Homology Homotopy Appl.},
  title    = {Convolution algebras and the deformation theory of infinity-morphisms},
  year     = {2019},
  issn     = {1532-0073},
  number   = {1},
  pages    = {351--373},
  volume   = {21},
  doi      = {10.4310/HHA.2019.v21.n1.a17},
  fjournal = {Homology, Homotopy and Applications},
  url      = {https://doi.org/10.4310/HHA.2019.v21.n1.a17},
}

@Article{Dwyer1980,
  author   = {Dwyer, W. G. and Kan, D. M.},
  journal  = {Topology},
  title    = {Function complexes in homotopical algebra},
  year     = {1980},
  issn     = {0040-9383},
  number   = {4},
  pages    = {427--440},
  volume   = {19},
  doi      = {10.1016/0040-9383(80)90025-7},
  fjournal = {Topology. An International Journal of Mathematics},
  url      = {https://doi.org/10.1016/0040-9383(80)90025-7},
}

@InCollection{Dwyer1987,
  author    = {Dwyer, W. G. and Kan, D. M.},
  booktitle = {Algebraic topology and algebraic {$K$}-theory ({P}rinceton, {N}.{J}., 1983)},
  publisher = {Princeton Univ. Press, Princeton, NJ},
  title     = {Equivalences between homotopy theories of diagrams},
  year      = {1987},
  pages     = {180--205},
  series    = {Ann. of Math. Stud.},
  volume    = {113},
  mrclass   = {55U35 (18A25 18G30 55U10)},
}

@Article{Nuiten2016,
  author  = {Nuiten, Joost},
  journal = {arXiv preprint arXiv:1612.03800},
  title   = {Localizing infinity-categories with hypercovers},
  year    = {2016},
}

@Article{Harpaz2019,
  author  = {Harpaz, Yonatan and Nuiten, Joost and Prasma, Matan},
  journal = {Israel Journal of Mathematics},
  title   = {Tangent categories of algebras over operads},
  year    = {2019},
  issn    = {1565-8511},
  month   = {Oct},
  day     = {07},
  doi     = {10.1007/s11856-019-1933-z},
  url     = {https://doi.org/10.1007/s11856-019-1933-z},
}

@InCollection{Chapoton2001,
  author    = {Chapoton, Fr\'{e}d\'{e}ric},
  booktitle = {Dialgebras and related operads},
  publisher = {Springer, Berlin},
  title     = {Un endofoncteur de la cat\'{e}gorie des op\'{e}rades},
  year      = {2001},
  pages     = {105--110},
  series    = {Lecture Notes in Math.},
  volume    = {1763},
  doi       = {10.1007/3-540-45328-8_4},
  mrclass   = {18D50},
  mrnumber  = {1860996},
  url       = {https://doi.org/10.1007/3-540-45328-8_4},
}

@Book{Loday2001,
  author    = {Loday, J.-L. and Frabetti, A. and Chapoton, F. and Goichot, F.},
  publisher = {Springer-Verlag, Berlin},
  title     = {Dialgebras and related operads},
  year      = {2001},
  isbn      = {3-540-42194-7},
  series    = {Lecture Notes in Mathematics},
  volume    = {1763},
  mrclass   = {00B15 (17-06 18-06)},
  mrnumber  = {1864390},
  pages     = {iv+133},
}

@InCollection{Chapoton2001a,
  author    = {Fr\'ed\'eric {Chapoton}},
  booktitle = {{Dialgebras and related operads}},
  publisher = {Berlin: Springer},
  title     = {{Un endofoncteur de la cat\'egorie des op\'erades.}},
  year      = {2001},
  isbn      = {3-540-42194-7/pbk},
  pages     = {105--110},
  language  = {French},
  msc2010   = {17A32 18D50 55P48 17D99 18D10},
  zbl       = {0999.17004},
}

@Article{Calaque2017,
  author     = {Calaque, Damien and Pantev, Tony and To\"{e}n, Bertrand and Vaqui\'{e}, Michel and Vezzosi, G.},
  journal    = {J. Topol.},
  title      = {Shifted {P}oisson structures and deformation quantization},
  year       = {2017},
  issn       = {1753-8416},
  number     = {2},
  pages      = {483--584},
  volume     = {10},
  doi        = {10.1112/topo.12012},
  fjournal   = {Journal of Topology},
  mrclass    = {14A20 (14D15 14F05 18E30 18G55 53D55)},
  mrnumber   = {3653319},
  mrreviewer = {Scott R. Nollet},
  url        = {https://doi.org/10.1112/topo.12012},
}

@Article{Kodaira1958,
  author     = {Kodaira, K. and Spencer, D. C.},
  journal    = {Ann. of Math. (2)},
  title      = {On deformations of complex analytic structures. {I}, {II}},
  year       = {1958},
  issn       = {0003-486X},
  pages      = {328--466},
  volume     = {67},
  doi        = {10.2307/1970009},
  fjournal   = {Annals of Mathematics. Second Series},
  mrclass    = {57.00},
  mrnumber   = {112154},
  mrreviewer = {M. F. Atiyah},
  url        = {https://doi.org/10.2307/1970009},
}

@Article{Pridham2010,
  author     = {Pridham, J. P.},
  journal    = {Adv. Math.},
  title      = {Unifying derived deformation theories},
  year       = {2010},
  issn       = {0001-8708},
  number     = {3},
  pages      = {772--826},
  volume     = {224},
  doi        = {10.1016/j.aim.2009.12.009},
  fjournal   = {Advances in Mathematics},
  mrclass    = {14B12 (16E35)},
  mrnumber   = {2628795},
  mrreviewer = {Eivind Eriksen},
  url        = {https://doi.org/10.1016/j.aim.2009.12.009},
}

@Article{Goldman1988,
  author     = {Goldman, William M. and Millson, J. J.},
  journal    = {Inst. Hautes \'{E}tudes Sci. Publ. Math.},
  title      = {The deformation theory of representations of fundamental groups of compact {K}\"{a}hler manifolds},
  year       = {1988},
  issn       = {0073-8301},
  number     = {67},
  pages      = {43--96},
  fjournal   = {Institut des Hautes \'{E}tudes Scientifiques. Publications Math\'{e}matiques},
  mrclass    = {32G10 (22E45 32C10)},
  mrnumber   = {972343},
  mrreviewer = {H. Kerner},
  url        = {http://www.numdam.org/item?id=PMIHES_1988__67__43_0},
}

@Article{Manetti2004,
  author     = {Manetti, Marco},
  journal    = {Rend. Mat. Appl. (7)},
  title      = {Lectures on deformations of complex manifolds (deformations from differential graded viewpoint)},
  year       = {2004},
  issn       = {1120-7183},
  number     = {1},
  pages      = {1--183},
  volume     = {24},
  fjournal   = {Rendiconti di Matematica e delle sue Applicazioni. Serie VII},
  mrclass    = {32G05 (13D10 14B12)},
  mrnumber   = {2130146},
  mrreviewer = {Richard P. Thomas},
}

@Article{Schlessinger1968,
  author     = {Schlessinger, M.},
  journal    = {Trans. Amer. Math. Soc.},
  title      = {Functors of {A}rtin rings},
  year       = {1968},
  issn       = {0002-9947},
  pages      = {208--222},
  volume     = {130},
  doi        = {10.2307/1994967},
  fjournal   = {Transactions of the American Mathematical Society},
  mrclass    = {14.55},
  mrnumber   = {217093},
  mrreviewer = {M. Miyanishi},
  url        = {https://doi.org/10.2307/1994967},
}

@article {Fresse2011,
    AUTHOR = {Fresse, Benoit},
     TITLE = {Koszul duality of {$E_n$}-operads},
   JOURNAL = {Selecta Math. (N.S.)},
  FJOURNAL = {Selecta Mathematica. New Series},
    VOLUME = {17},
      YEAR = {2011},
    NUMBER = {2},
     PAGES = {363--434},
      ISSN = {1022-1824},
   MRCLASS = {55P48 (18G55 55S12)},
  MRNUMBER = {2803847},
MRREVIEWER = {Paul G. Goerss},
       DOI = {10.1007/s00029-010-0047-6},
       URL = {https://doi.org/10.1007/s00029-010-0047-6},
}

@Article{Hoefel2013,
  author    = {Hoefel, Eduardo and Livernet, Muriel},
  journal   = {Algebraic \& Geometric Topology},
  title     = {On the spectral sequence of the Swiss-cheese operad},
  year      = {2013},
  number    = {4},
  pages     = {2039--2060},
  volume    = {13},
  publisher = {Mathematical Sciences Publishers},
}

@Article{Getzler1994a,
  author    = {Getzler, Ezra},
  journal   = {Communications in mathematical physics},
  title     = {Two-dimensional topological gravity and equivariant cohomology},
  year      = {1994},
  number    = {3},
  pages     = {473--489},
  volume    = {163},
  publisher = {Springer},
}

@InCollection{Getzler1995,
  author    = {Getzler, Ezra},
  booktitle = {The moduli space of curves},
  publisher = {Springer},
  title     = {Operads and moduli spaces of genus 0 {R}iemann surfaces},
  year      = {1995},
  pages     = {199--230},
}

@InProceedings{Willwacher2018,
  author    = {Willwacher, Thomas},
  booktitle = {Proc. Int. Cong. Of Math},
  title     = {Little disks operads and {F}eynman diagrams},
  year      = {2018},
}

@Book{Beilinson2004,
  author    = {Beilinson, Alexander and Drinfeld, V.},
  publisher = {American Mathematical Society},
  title     = {Chiral Algebras},
  year      = {2004},
  series    = {American Mathematical Society Colloquium Publications},
  volume    = {51},
}

@Article{Hinich1997,
  author     = {Hinich, V.},
  journal    = {Internat. Math. Res. Notices},
  title      = {Descent of {D}eligne groupoids},
  year       = {1997},
  issn       = {1073-7928},
  number     = {5},
  pages      = {223--239},
  doi        = {10.1155/S1073792897000160},
  fjournal   = {International Mathematics Research Notices},
  mrclass    = {22E47 (22E41)},
  mrnumber   = {1439623},
  mrreviewer = {William M. McGovern},
  url        = {https://doi.org/10.1155/S1073792897000160},
}

@Article{Dotsenko2015,
  author  = {Dotsenko, V. and Shadrin, S. and Vallette, B.},
  journal = {arXiv preprint arXiv:1502.03280},
  title   = {Pre-Lie deformation theory},
  year    = {2015},
}

@Article{Cirici2019,
  author    = {Cirici, J. and Santander, D. E. and Livernet, M. and Whitehouse, S.},
  journal   = {Proceedings of the Royal Society of Edinburgh Section A: Mathematics},
  title     = {Model category structures and spectral sequences},
  year      = {2019},
  pages     = {1--34},
  publisher = {Royal Society of Edinburgh Scotland Foundation},
}

@Article{Nuiten2019,
  author    = {Nuiten, Joost},
  journal   = {Advances in Mathematics},
  title     = {Koszul duality for Lie algebroids},
  year      = {2019},
  pages     = {106750},
  volume    = {354},
  publisher = {Elsevier},
}

@Article{Andre1974,
  author    = {Andr\'{e}, Michel},
  title     = {Homologie des alg\`ebres commutatives},
  note      = {Die Grundlehren der mathematischen Wissenschaften, Band 206},
  pages     = {xv+341},
  comment   = {\MR{0352220}},
  date      = {1974},
  language  = {French},
  publisher = {Springer-Verlag, Berlin-New York},
}

@Book{Cartan1956,
  author    = {Cartan, Henri and Eilenberg, Samuel},
  publisher = {Princeton University Press, Princeton, N. J.},
  title     = {Homological algebra},
  comment   = {\MR{0077480}},
  date      = {1956},
  pages     = {xv+390},
}

@Article{Dotsenko2020,
  author  = {Dotsenko, V. and Tamaroff, Pedro},
  journal = {International Mathematics Research Notices},
  title   = {Endofunctors and Poincaré–Birkhoff–Witt Theorems},
  volume  = {rnz369},
  date    = {2020},
}

@Book{Fresse2009,
  author    = {Fresse, Benoit},
  publisher = {Springer-Verlag, Berlin},
  title     = {Modules over operads and functors},
  year      = {2009},
  isbn      = {978-3-540-89055-3},
  series    = {Lecture Notes in Mathematics},
  volume    = {1967},
  comment   = {\MR{2494775}},
  doi       = {10.1007/978-3-540-89056-0},
  pages     = {x+308},
}

@Article{Hochschild1962,
  author  = {Hochschild, G. and Kostant, Bertram and Rosenberg, Alex},
  journal = {Trans. Amer. Math. Soc.},
  title   = {Differential forms on regular affine algebras},
  issn    = {0002-9947},
  pages   = {383--408},
  volume  = {102},
  comment = {\MR{142598}},
  date    = {1962},
  doi     = {10.2307/1993614},
}

@Article{Khoroshkin2018,
  author = {Khoroshkin, Anton},
  title  = {PBW property for Universal enveloping algebras over an operad},
  pages  = {20},
  date   = {2018},
  eprint = {arXiv:math/1807.05873 [math.QA]},
}

@Book{Weibel1994,
  author    = {Weibel, Charles A.},
  publisher = {Cambridge University Press, Cambridge},
  title     = {An introduction to homological algebra},
  isbn      = {0-521-43500-5},
  series    = {Cambridge Studies in Advanced Mathematics},
  volume    = {38},
  comment   = {\MR{1269324}},
  date      = {1994},
  doi       = {10.1017/CBO9781139644136},
  pages     = {xiv+450},
}

@Article{Loday2006,
  author     = {Loday, Jean-Louis},
  journal    = {Georgian Math. J.},
  title      = {Completing the operadic butterfly},
  year       = {2006},
  issn       = {1072-947X},
  number     = {4},
  pages      = {741--749},
  volume     = {13},
  fjournal   = {Georgian Mathematical Journal},
  mrclass    = {18D50 (17A30)},
  mrnumber   = {2309256},
  mrreviewer = {Fran\c{c}ois Goichot},
}

@Article{Dotsenko2007,
  author     = {Dotsenko, Vladimir},
  journal    = {J. Gen. Lie Theory Appl.},
  title      = {An operadic approach to deformation quantization of compatible {P}oisson brackets. {I}},
  year       = {2007},
  issn       = {1736-5279},
  number     = {2},
  pages      = {107--115},
  volume     = {1},
  doi        = {10.4303/jglta/S070203},
  fjournal   = {Journal of Generalized Lie Theory and Applications},
  mrclass    = {53D55 (18D50)},
  mrnumber   = {2320771},
  mrreviewer = {Hossein Abbaspour},
  url        = {https://doi.org/10.4303/jglta/S070203},
}

@Article{Dotsenko2014,
  author    = {Dotsenko, Vladimir and Griffin, James},
  journal   = {Algebr. Geom. Topol.},
  title     = {Cacti and filtered distributive laws},
  year      = {2014},
  number    = {6},
  pages     = {3185--3225},
  volume    = {14},
  doi       = {10.2140/agt.2014.14.3185},
  fjournal  = {Algebraic & Geometric Topology},
  publisher = {MSP},
  url       = {https://doi.org/10.2140/agt.2014.14.3185},
}
@article{Gerstenhaber1987,
title = "A hodge-type decomposition for commutative algebra cohomology",
journal = "Journal of Pure and Applied Algebra",
volume = "48",
number = "1",
pages = "229 - 247",
year = "1987",
issn = "0022-4049",
doi = "https://doi.org/10.1016/0022-4049(87)90112-5",
url = "http://www.sciencedirect.com/science/article/pii/0022404987901125",
author = "Murray Gerstenhaber and S.D. Schack",
}

@Article{Barr1968,
  author  = {Michael Barr},
  journal = {Journal of Algebra},
  title   = {Harrison homology, Hochschild homology and triples},
  year    = {1968},
  issn    = {0021-8693},
  number  = {3},
  pages   = {314 - 323},
  volume  = {8},
  doi     = {https://doi.org/10.1016/0021-8693(68)90062-8},
  url     = {http://www.sciencedirect.com/science/article/pii/0021869368900628},
}

@Article{Dotsenko2016,
  author     = {Dotsenko, Vladimir and Shadrin, Sergey and Vallette, Bruno},
  journal    = {Mosc. Math. J.},
  title      = {Pre-{L}ie deformation theory},
  year       = {2016},
  issn       = {1609-3321},
  number     = {3},
  pages      = {505--543},
  volume     = {16},
  doi        = {10.17323/1609-4514-2016-16-3-505-543},
  fjournal   = {Moscow Mathematical Journal},
  mrclass    = {18D50 (16S37 16S80 17B01 17B55)},
  mrnumber   = {3510210},
  mrreviewer = {Christopher L. Rogers},
  url        = {https://doi.org/10.17323/1609-4514-2016-16-3-505-543},
}

@Article{Dolgushev2015,
  author       = {Dolgushev, Vasily and Willwacher, Thomas},
  title        = {Operadic twisting -- With an application to {D}eligne's conjecture},
  issn         = {0022-4049},
  number       = {5},
  pages        = {1349--1428},
  volume       = {219},
  date         = {2015},
  doi          = {10.1016/j.jpaa.2014.06.010},
  fjournal     = {Journal of Pure and Applied Algebra},
  journaltitle = {J. Pure Appl. Algebra},
  mrclass      = {18D50},
  mrnumber     = {3299688},
}

@Misc{Campos2017a,
  author = {Campos, Ricardo and Ducoulombier, Julien and Willwacher, Thomas},
  note   = {In preparation},
  title  = {Models for framed configuration spaces},
  date   = {2017},
}

@Article{Michaelis1980,
  author    = {Michaelis, Walter},
  journal   = {Advances in mathematics},
  title     = {Lie coalgebras},
  year      = {1980},
  number    = {1},
  pages     = {1--54},
  volume    = {38},
  publisher = {Elsevier},
}

@Comment{jabref-meta: databaseType:bibtex;}
